1747 2740
747 123 974 163 RVDENS
1461 118 1529 157 IV.
1551 120 1596 157 iii

190 239 267 280 iam
289 255 363 291 ego
384 248 421 279 te
442 239 518 287 hic,
540 239 677 278 itidem
699 236 811 288 quasi
833 236 1040 288 peniculus
1061 247 1189 273 nouos
1206 232 1380 284 exurgeri
1402 234 1511 279 solet,

192 306 231 344 ni
252 308 360 345 hunc
379 305 537 352 amittis,
561 303 758 355 exurgebo
779 301 976 353 quidquid
997 300 1145 340 umoris
1167 299 1285 338 tibist.

82 385 172 412 1010
191 374 269 411 GR.
302 380 440 422 tange:
470 370 655 422 adfligam
684 371 736 409 ad
767 377 907 408 terram
939 376 977 407 te
1007 367 1145 406 itidem
1173 373 1215 404 ut
1245 364 1394 415 piscem
1423 365 1532 403 soleo

1328 432 1528 482 polypum.

190 503 249 543 uis
284 506 488 555 pugnare?
546 505 622 542 TR.
655 502 752 554 quid
784 502 931 553 opust?
974 499 1070 551 quin
1103 507 1144 538 tu
1177 497 1308 549 potius
1343 498 1531 547 praedam

1382 562 1529 601 diuide.

190 637 268 674 GR.
301 634 395 673 hinc
415 642 457 673 tu
479 634 577 675 nisei
599 636 747 673 malum
769 632 952 673 fruniscei
974 631 1070 671 nihil
1092 638 1217 682 potes,
1240 644 1290 668 ne
1311 630 1498 680 postules.
1551 632 1592 664 80

188 702 291 741 abeo
312 715 385 752 ego
409 702 514 741 hinc.
574 704 650 740 TR.
682 709 721 741 at
748 715 821 752 ego
849 700 941 739 hinc
969 700 1165 739 offlectam
1193 710 1349 744 nauem,
1373 710 1423 734 ne
1451 709 1531 745 quo

1210 763 1341 802 abeas.
1403 774 1528 800 mane.

191 835 267 872 GR.
301 832 356 872 sei
378 841 419 871 tu
441 841 597 884 proreta
617 832 679 871 isti
701 832 793 872 naui
815 846 866 880 eS‚
890 845 963 882 ego
983 831 1223 881 gubernator
1243 842 1321 885 ero.

81 909 167 946 1015
191 899 301 938 mitte
323 900 544 946 rudentem,
568 900 742 937 sceleste.
802 899 879 936 ΤΒ.
913 896 1091 935 mittam:
1121 895 1260 934 omitte
1281 894 1474 934 uidulum.

190 966 267 1003 GR.
300 978 520 1015 numquam
542 965 673 1003 hercle
694 963 787 1002 hinc
808 962 929 1002 hodie
949 969 1127 1001 ramenta
1147 962 1217 999 fies
1239 959 1484 999 fortunatior.

188 1033 264 1069 TR.
298 1045 379 1070 non
401 1030 844 1082 probare·pernegando
865 1028 961 1066 rnihi
983 1035 1107 1078 potes,
1130 1026 1204 1065 nisi
1225 1039 1314 1076 pars
1335 1027 1450 1065 datur
1551 1030 1592 1071 85

188 1104 256 1135 aut
276 1098 327 1135 ad
348 1097 538 1136 arbitrum
559 1095 731 1135 redeitur
750 1102 818 1133 aut
839 1101 1044 1144 sequestro
1064 1092 1234 1144 ponitur.

190 1164 268 1202 GR.
302 1176 475 1213 quemne
503 1175 575 1213 ego
606 1160 743 1212 excepi
770 1160 809 1199 in
836 1159 1066 1198 mari—TR.
1099 1166 1138 1197 at
1166 1171 1239 1208 ego
1269 1157 1491 1209 inspectaui
1511 1171 1534 1197 e

1406 1223 1530 1262 litore.

80 1309 170 1334 1020
190 1295 266 1333 GR.
293 1307 381 1332 mea
401 1307 531 1344 opera,
548 1293 682 1332 labore
704 1299 742 1332 et
763 1299 843 1331 rete
865 1298 903 1330 et
923 1290 1064 1329 horia?
1103 1291 1179 1328 TR.
1203 1289 1371 1339 numqui
1388 1290 1531 1336 minus,

189 1358 220 1398 si
241 1358 375 1398 ueniat
397 1372 503 1397 nunc
524 1348 712 1398 dominus
734 1357 918 1409 quoiiust‚
943 1370 1016 1407 ego
1037 1355 1104 1406 qui
1126 1355 1345 1406 inspectaui
1367 1356 1504 1405 procul

189 1432 227 1464 te
248 1426 355 1463 hunc
375 1425 533 1472 habere,
557 1426 617 1463 fur
637 1438 724 1463 sum
746 1437 866 1474 quarn
888 1424 960 1462 tu?
1011 1424 1090 1461 GR.
1112 1421 1248 1460 nihilo.
1299 1423 1375 1459 TR.
1401 1435 1528 1468 mane,
1551 1434 1595 1466 90

1332 1486 1536 1537 mastigia:

190 1569 271 1606 quo
284 1563 518 1607 argumento
532 1555 663 1595 socius
677 1569 758 1595 non
773 1569 860 1594 sum
871 1562 908 1594 et
918 1555 977 1593 fur
986 1555 1097 1593 sum?
1113 1553 1273 1592 facdum
1288 1567 1335 1592 ex
1348 1560 1386 1591 te
1401 1552 1533 1592 sciam.

191 1623 268 1661 GR.
303 1621 438 1661 nescio
459 1635 590 1672 neque
611 1635 687 1672 ego
705 1621 798 1660 istas
820 1628 972 1659 uostras
993 1621 1098 1671 leges
1119 1619 1290 1658 urbanas
1311 1618 1405 1666 scio,

81 1700 169 1737 1025
190 1686 265 1726 nisi
287 1687 380 1738 quia
400 1688 508 1726 hunc
539 1701 673 1726 meum
695 1700 780 1726 esse
801 1686 903 1726 dico.
964 1687 1040 1724 TR.
1074 1692 1112 1724 et
1134 1698 1207 1735 ego
1237 1684 1331 1723 item
1360 1697 1445 1723 esse
1472 1683 1536 1723 aio

1386 1763 1531 1789 meum.

191 1819 270 1858 GR.
303 1832 431 1866 mane,
455 1818 533 1857 iam
554 1818 706 1870 repperi
728 1832 808 1869 quo
829 1825 946 1869 pacto
967 1831 1041 1856 nec
1063 1818 1122 1856 fur
1143 1830 1216 1855 nec
1238 1815 1368 1855 socius
1389 1815 1476 1854 sies.

189 1885 266 1922 TR.
300 1898 380 1935 quo
415 1886 562 1935 pacto?
620 1886 697 1923 GR.
731 1883 815 1923 sine
846 1898 909 1922 me
939 1883 1032 1922 hinc
1067 1882 1186 1930 abire,
1219 1884 1260 1921 tu
1291 1881 1356 1920 abi
1391 1880 1533 1919 tacitus
1553 1891 1593 1925 95

1271 1955 1380 1986 tuam
1401 1946 1507 1985 uiam
1524 1961 1534 1994 ,-

189 2028 263 2055 nec
294 2023 335 2054 tu
366 2029 430 2054 me
459 2015 677 2067 quoiquam
707 2015 914 2055 indicassis
946 2029 1076 2066 neque
1107 2028 1180 2065 ego
1211 2012 1282 2052 tibi
1316 2012 1531 2064 quicquam

1399 2079 1507 2118 dabo
1522 2093 1533 2127 3

238 2189 321 2219 1008
346 2188 457 2219 iam—
473 2187 528 2219 A:
553 2199 616 2227 ego
639 2188 702 2219 iam
724 2188 757 2218 P
843 2187 1022 2229 peniculus
1050 2187 1206 2218 Gm'ctus:
1231 2185 1412 2226 penicillus
1437 2185 1476 2217 P.
1496 2185 1530 2215 A

190 2243 222 2264 n.
241 2233 262 2263 l.
365 2242 534 2272 exurgere
553 2232 586 2262 P
601 2233 678 2273 (pro
694 2234 755 2263 -rei
770 2234 795 2264 Y«
935 2243 1017 2264 1010
1040 2238 1074 2262 te
1097 2232 1266 2262 adterram
1287 2230 1375 2269 PCD,
1398 2229 1431 2259 A
1453 2240 1484 2260 n.
1505 2229 1526 2260 l.

195 2286 273 2307 1011
301 2276 359 2307 uin
383 2276 507 2307 Morm's
526 2277 576 2318 (τῇ
597 2276 645 2307 ad
657 2277 774 2308 Bacch.
795 2277 876 2316 8735
1003 2286 1087 2306 1020
1110 2275 1247 2306 horreia
1266 2274 1419 2314 (horrea)
1437 2272 1527 2304 codd.

191 2319 356 2351 Prisciani
368 2331 395 2361 1,
409 2330 474 2360 332
567 2323 714 2359 1021—38
735 2327 859 2361 paucae
873 2321 992 2351 litterae
1006 2321 1039 2351 in
1052 2321 1174 2360 primis
1187 2324 1216 2350 et
1225 2319 1377 2350 extremis
1388 2317 1532 2348 versibus

189 2363 223 2393 A
398 2375 480 2395 1022
505 2364 559 2395 fur
574 2375 646 2395 sum
666 2365 731 2395 Ital
756 2377 762 2396 ε
788 2365 910 2396 furtum
929 2365 967 2398 P.
989 2365 1020 2394 A
1035 2375 1065 2394 n.
1083 2364 1103 2395 l.
1286 2364 1369 2393 1026
1394 2361 1528 2402 repperi

189 2408 385 2440 Fleckeisen:
413 2409 522 2448 reperi
543 2420 611 2439 rem
631 2408 670 2449 P,
691 2409 723 2438 A
742 2421 772 2441 n.
793 2409 814 2441 l.

234 2473 353 2494 ΡιΑντ.
375 2474 399 2493 11
1399 2461 1440 2491 24
