1747 2740
108 119 163 157 ΙΙ.
184 119 227 156 iii
604 119 650 157 T.
686 118 867 157 MACCI
901 119 1106 156 PLAVTI

292 243 365 280 ego
386 229 480 268 ist6s
501 228 567 279 qui
591 242 697 267 nunc
718 241 782 266 me
803 229 965 278 culpant
986 228 1286 268 confutauerim.

293 297 362 334 sed
382 303 584 334 aestuosas
606 293 733 333 sentio
754 293 892 344 aperiri
916 295 1028 340 fores,

123 374 166 405 δῦ
293 375 394 412 quae
415 361 630 411 opsorbent
651 359 848 410 quidquid
870 360 979 398 uenit
1000 360 1100 398 intra
1120 362 1309 411 pessulos.

117 515 165 552 iv
419 516 801 552 PHRONESIVM
919 515 1289 553 D1N1Aizcirvs

184 615 259 652 PH.
293 615 401 653 Num
423 613 493 652 tibi
516 627 618 660 narn,
641 613 799 661 amabo,
820 613 938 651 ianua
959 621 1016 652 est
1038 615 1201 652 mordax
1222 628 1324 661 mea,

182 692 264 730 quo
285 679 387 718 intro
407 679 461 718 ire
482 686 645 725 metuas,
670 692 757 717 mea
782 680 999 729 uoluptas?
1057 681 1123 718 D1.
1156 693 1224 718 uer
1244 680 1361 719 uide:

185 752 228 784 ut
248 752 331 784 tota
350 746 473 791 floret,
497 751 538 782 ut
559 745 648 791 olet,
673 752 715 782 ut
737 744 860 783 nitide
881 744 979 783 nitet
999 747 1005 782 Σ

186 812 260 849 ΡΗ.
293 810 390 861 quid
411 818 490 849 tam
513 809 704 848 inficetu’s
726 811 881 848 Lemno
901 810 1119 850 adueniens
1140 810 1208 862 qui
1229 818 1319 850 tuae

145 892 163 923 5
184 890 265 914 non
286 877 356 915 des
376 876 538 923 amicae,
565 875 789 922 Diniarche‚
814 876 1000 914 sanium?

185 943 251 980 D1.
284 943 361 980 uah
380 944 386 979 l
417 942 563 992 uapulo
584 942 715 980 hercle
737 955 810 991 ego
831 955 948 988 nunc,
971 949 1091 992 atque
1111 943 1213 981 adeo
1235 944 1347 982 male.

184 1009 258 1046 PH.
292 1020 372 1058 quo
393 1015 431 1046 te
450 1007 660 1046 auortisti?
719 1009 784 1045 D1.
818 1009 927 1046 salua
948 1007 1010 1055 sis,
1035 1008 1308 1047 Phronesium.

186 1076 261 1113 ΡΗ.
297 1075 414 1112 salue.
476 1073 606 1112 hicine
627 1073 748 1112 hodie
769 1087 898 1120 cena5‚
921 1075 1052 1112 saluos
1074 1087 1195 1125 quom
1216 1075 1415 1114 aduenis?

187 1142 252 1178 D1.
285 1139 456 1190 promisi.
517 1141 591 1177 PH.
625 1138 694 1177 ubi
714 1138 908 1178 cenabis?
966 1142 1032 1178 Dr.
1063 1140 1132 1179 ubi
1153 1148 1194 1179 tu
1216 1140 1382 1180 iusseris.

127 1217 167 1240 10
187 1207 262 1243 PH.
294 1204 359 1243 hic
380 1218 443 1243 me
463 1204 625 1243 lubente
645 1204 774 1243 facies.
836 1206 902 1242 D1.
935 1206 1077 1255 edepol
1100 1219 1162 1244 me
1184 1206 1316 1257 magis.

184 1272 314 1320 nemp'
336 1272 377 1308 tu
398 1269 471 1309 eris
492 1269 612 1308 hodie
634 1283 802 1317 mecum,
826 1283 915 1309 mea
936 1271 1197 1310 Phronesium
1213 1274 1231 1311 ?

184 1337 258 1374 PH.
292 1336 422 1383 uelim,
446 1335 477 1373 si
499 1335 579 1374 fieri
602 1335 736 1386 possit.
798 1338 863 1374 D1.
897 1337 998 1375 cedo
1019 1338 1145 1375 soleas
1166 1337 1274 1385 mihi,

184 1409 401 1452 properate,
424 1402 573 1440 auferte
595 1415 784 1440 mensam.
845 1404 919 1440 PH.
952 1403 1107 1450 amabo,
1130 1416 1256 1442 sanun
1277 1407 1348 1443 es?

188 1469 253 1506 D1.
286 1480 367 1505 non
388 1468 531 1518 edepol
551 1466 687 1506 bibere
707 1480 869 1518 possum
892 1468 983 1516 iam,
1003 1468 1057 1507 ita
1076 1469 1210 1508 animo
1232 1472 1380 1509 malest.

127 1546 163 1579 15
187 1535 261 1572 PH.
295 1547 421 1580 mane,
444 1532 594 1583 aliquid
615 1534 693 1580 fiet,
716 1533 766 1572 ne'
785 1533 862 1572 abi.
923 1535 988 1572 D1.
1021 1536 1095 1573 ah!
1130 1535 1327 1586 aspersisti
1346 1550 1501 1587 aquam.

184 1599 261 1637 iam
283 1598 397 1637 rediit
417 1598 583 1637 animus.
642 1600 759 1637 deme
780 1601 917 1648 soleas,
941 1602 1042 1639 cedo
1063 1600 1210 1640 bibam.
1245 1608 1250 1613 '

184 1666 259 1703 ΡΗ.
291 1664 398 1703 idem
419 1678 459 1703 es
481 1672 675 1703 mecastor
695 1665 762 1715 qui
784 1667 896 1704 soles,
956 1668 1026 1706 sed
1050 1667 1115 1706 dic
1142 1667 1252 1716 mihi,

184 1731 340 1768 benene
359 1730 676 1768 ambulatumst?
735 1732 800 1768 D1.
833 1732 911 1770 huc
932 1732 1094 1782 quidem
1122 1734 1253 1772 hercle
1273 1735 1324 1773 ad
1345 1742 1384 1773 te
1405 1736 1520 1784 bene,

184 1795 277 1846 quia
298 1795 353 1833 tui
374 1794 537 1833 uidendi
557 1795 672 1845 copia
692 1803 760 1834 est.
822 1798 897 1835 PH.
929 1800 1202 1848 complectere.

228 1911 294 1941 349
317 1903 580 1935 consutauemnt
605 1903 670 1935 cod.
697 1905 774 1946 (pro
798 1907 884 1939 -uefi
911 1907 930 1937 i.
946 1918 968 1938 e.
995 1909 1172 1940 -uerumlt
1204 1919 1281 1940 corr.
1310 1908 1522 1940 Camerarius

184 1956 250 1985 350
273 1951 447 1977 aestuosas
464 1946 589 1978 Bothe:
615 1952 667 1978 est
686 1958 745 1980 uos
767 1950 806 1980 ad
830 1949 898 1982 cod.
1041 1962 1102 1991 351
1131 1952 1217 1983 infra
1236 1952 1301 1984 cod.
1330 1955 1424 1993 (corr.
1453 1952 1518 1995 D¹)

184 1999 248 2029 353
273 1989 389 2020 accedit
404 1990 436 2020 A
495 1991 651 2022 uoluntas
665 1991 699 2021 P
797 2004 860 2033 354
886 1993 955 2025 olet
969 1995 1019 2036 ut]
1039 1996 1092 2026 ole
1110 1997 1154 2027 lui
1172 1996 1205 2027 P
1298 2007 1361 2036 355
1378 1998 1434 2036 qui
1451 2003 1519 2028 tarn

185 2033 218 2063 Ρ
233 2034 308 2073 (pro
324 2034 482 2073 quittam)
560 2036 690 2066 facetus
707 2036 740 2066 A
813 2038 868 2077 qui
888 2038 982 2080 tuae]
1001 2039 1082 2079 quid
1101 2041 1177 2081 (pro
1189 2041 1274 2081 quit)
1293 2052 1335 2072 ue
1351 2040 1385 2072 Ρ
1455 2043 1522 2081 356

185 2077 254 2107 dini
272 2078 382 2108 archis
400 2079 538 2108 auiuum
558 2079 590 2110 P
655 2090 717 2120 357
737 2081 871 2112 hercule
890 2084 920 2113 A
1012 2085 1077 2122 358
1100 2085 1274 2117 auortistis
1292 2085 1324 2116 P
1409 2085 1473 2116 sim
1491 2085 1525 2116 P

185 2131 249 2160 359
266 2132 368 2152 cenas
386 2122 488 2153 hodie
504 2123 537 2152 A
629 2126 694 2162 360
718 2135 820 2156 cenas
836 2126 866 2156 A
891 2137 896 2156 z
921 2128 1072 2158 cenabist
1089 2129 1122 2159 Ρ
1195 2129 1315 2160 luseris
1331 2130 1365 2161 Ρ
1380 2129 1404 2168 (l
1417 2135 1478 2170 pro
1495 2130 1520 2163 i)

185 2166 245 2203 361
274 2165 409 2196 iubente
427 2165 459 2196 Β
474 2166 590 2206 etsort.
616 2168 648 2197 A
783 2170 846 2208 362
870 2176 1074 2209 promestum
1093 2172 1126 2202 Ρ
1254 2175 1319 2213 363
1344 2174 1466 2205 uellem
1484 2174 1518 2204 A

187 2214 303 2248 posset
320 2210 352 2239 A
446 2210 593 2240 credoP
678 2212 773 2243 mihi*
796 2224 881 2252 puer
897 2215 1032 2254 A.f0›!.
1053 2221 1138 2251 recte.
1159 2228 1239 2248 uam
1257 2228 1342 2257 puer
1357 2229 1421 2249 voc.
1441 2229 1519 2248 casu

185 2253 218 2283 in
228 2252 299 2292 fine
313 2264 426 2284 versus
446 2264 513 2284 uon
529 2254 670 2294 displicet
757 2258 821 2295 366
846 2258 903 2287 fret
921 2259 978 2297 ncl
1000 2259 1067 2290 fine
1085 2260 1117 2290 Ρ
1132 2263 1158 2300 (3
1170 2266 1232 2300 pro
1245 2261 1277 2294 ss.
1295 2263 1314 2292 ι’.
1327 2273 1350 2293 e.
1371 2262 1440 2295 fiet.
1458 2263 1516 2301 ne)

186 2296 245 2337 ah]
263 2297 305 2327 ab
321 2296 354 2326 Ρ
482 2299 546 2336 367
572 2299 682 2328 uiuam
701 2298 734 2328 P
861 2301 925 2339 368
949 2309 1082 2334 ecastor
1099 2303 1131 2334 P
1216 2296 1302 2336 dicat
1322 2305 1353 2336 Ρ
1434 2297 1518 2345 ¹369

187 2341 362 2372 ambulasti
380 2341 412 2371 P
498 2342 540 2371 ad
557 2346 589 2371 te
608 2342 710 2374 bene]
730 2344 874 2374 attibent
893 2344 925 2374 Ρ
1052 2357 1116 2386 370
1140 2359 1238 2388 quam
1257 2348 1290 2379 Ρ
1305 2350 1358 2391 (cf
1377 2349 1424 2380 ad
1436 2350 1513 2391 488>

187 2389 222 2416 tu
240 2385 272 2416 A
365 2385 547 2417 uidendum
566 2390 616 2416 est
635 2387 732 2426 copia
749 2386 782 2417 P
866 2388 916 2419 vel
929 2391 1057 2430 copiast

1541 305 1611 343 350

1542 819 1608 857 355

1543 1477 1609 1522 365

1541 1813 1609 1848 370
