<?xml version="1.0" encoding="UTF-8"?>
<!DOCTYPE html PUBLIC "-//W3C//DTD XHTML 1.0 Transitional//EN"
    "http://www.w3.org/TR/xhtml1/DTD/xhtml1-transitional.dtd">
<html xmlns="http://www.w3.org/1999/xhtml" xml:lang="en" lang="en">
 <head>
  <title>
</title>
<meta http-equiv="Content-Type" content="text/html;charset=utf-8" />
  <meta name='ocr-system' content='tesseract 3.04.00' />
  <meta name='ocr-capabilities' content='ocr_page ocr_carea ocr_par ocr_line ocrx_word'/>
</head>
<body>
  <div class='ocr_page' id='page_1' title='image "./comoediaerecogno02plau_0295.png"; bbox 0 0 1747 2740; ppageno 0'>
   <div class='ocr_carea' id='block_1_1' title="bbox 689 137 1583 179">
    <p class='ocr_par' dir='ltr' id='par_1_1' title="bbox 689 137 1583 179">
     <span class='ocr_line' id='line_1_1' title="bbox 689 137 1583 179; baseline 0.004 -4"><span class='ocrx_word' id='word_1_1' title='bbox 689 137 1009 177; x_wconf 89' lang='lat' dir='ltr'>PSEVDOLVS</span> <span class='ocrx_word' id='word_1_2' title='bbox 1487 141 1517 179; x_wconf 90' lang='grc' dir='ltr'><strong>Ι.</strong></span> <span class='ocrx_word' id='word_1_3' title='bbox 1538 142 1583 179; x_wconf 91' lang='lat' dir='ltr'><strong>iii</strong></span> 
     </span>
    </p>
   </div>
   <div class='ocr_carea' id='block_1_2' title="bbox 72 247 1598 1802">
    <p class='ocr_par' dir='ltr' id='par_1_2' title="bbox 72 247 1598 1802">
     <span class='ocr_line' id='line_1_2' title="bbox 185 247 1515 300; baseline 0.001 -12"><span class='ocrx_word' id='word_1_4' title='bbox 185 248 302 288; x_wconf 76' lang='lat' dir='ltr'><strong>CALI.</strong></span> <span class='ocrx_word' id='word_1_5' title='bbox 334 247 592 287; x_wconf 88' lang='lat' dir='ltr'><strong>sociofraude.</strong></span> <span class='ocrx_word' id='word_1_6' title='bbox 654 249 724 285; x_wconf 79' lang='grc' dir='ltr'><strong>ΒΑ.</strong></span> <span class='ocrx_word' id='word_1_7' title='bbox 763 255 854 286; x_wconf 86' lang='lat' dir='ltr'><strong>sunt</strong></span> <span class='ocrx_word' id='word_1_8' title='bbox 893 261 980 286; x_wconf 89' lang='lat' dir='ltr'><strong>mea</strong></span> <span class='ocrx_word' id='word_1_9' title='bbox 1018 247 1149 287; x_wconf 80' lang='lat' dir='ltr'><strong>istaec.</strong></span> <span class='ocrx_word' id='word_1_10' title='bbox 1213 252 1274 287; x_wconf 78' lang='lat' dir='ltr'><strong>Ps.</strong></span> <span class='ocrx_word' id='word_1_11' title='bbox 1313 250 1515 300; x_wconf 87' lang='lat' dir='ltr'><strong>parricida.</strong></span> 
     </span>
     <span class='ocr_line' id='line_1_3' title="bbox 1222 317 1516 365; baseline 0.007 -13"><span class='ocrx_word' id='word_1_12' title='bbox 1222 317 1291 352; x_wconf 65' lang='lat' dir='ltr'><strong>BA.</strong></span> <span class='ocrx_word' id='word_1_13' title='bbox 1326 329 1441 365; x_wconf 83' lang='lat' dir='ltr'><strong>perge</strong></span> <span class='ocrx_word' id='word_1_14' title='bbox 1464 324 1516 354; x_wconf 90' lang='lat' dir='ltr'><strong>tu.</strong></span> 
     </span>
     <span class='ocr_line' id='line_1_4' title="bbox 183 376 1518 428; baseline 0.001 -11"><span class='ocrx_word' id='word_1_15' title='bbox 183 379 300 418; x_wconf 82' lang='lat' dir='ltr'><strong>CAL1.</strong></span> <span class='ocrx_word' id='word_1_16' title='bbox 332 376 526 428; x_wconf 84' lang='lat' dir='ltr'><strong>sacrilege.</strong></span> <span class='ocrx_word' id='word_1_17' title='bbox 579 378 649 415; x_wconf 75' lang='lat' dir='ltr'><strong>BA.</strong></span> <span class='ocrx_word' id='word_1_18' title='bbox 682 377 814 416; x_wconf 88' lang='lat' dir='ltr'><strong>fateor.</strong></span> <span class='ocrx_word' id='word_1_19' title='bbox 867 379 928 416; x_wconf 87' lang='lat' dir='ltr'><strong>Ps.</strong></span> <span class='ocrx_word' id='word_1_20' title='bbox 957 376 1115 428; x_wconf 90' lang='lat' dir='ltr'><strong>peiiure.</strong></span> <span class='ocrx_word' id='word_1_21' title='bbox 1169 380 1239 417; x_wconf 76' lang='lat' dir='ltr'><strong>BA.</strong></span> <span class='ocrx_word' id='word_1_22' title='bbox 1270 387 1404 418; x_wconf 88' lang='lat' dir='ltr'><strong>uetera</strong></span> <span class='ocrx_word' id='word_1_23' title='bbox 1424 380 1518 418; x_wconf 89' lang='lat' dir='ltr'><strong>uati-</strong></span> 
     </span>
     <span class='ocr_line' id='line_1_5' title="bbox 1317 445 1514 484; baseline -0.005 0"><span class='ocrx_word' id='word_1_24' title='bbox 1317 445 1514 484; x_wconf 88' lang='lat' dir='ltr'><strong>cinamini.</strong></span> 
     </span>
     <span class='ocr_line' id='line_1_6' title="bbox 181 507 1513 559; baseline 0.002 -12"><span class='ocrx_word' id='word_1_25' title='bbox 181 509 296 547; x_wconf 66' lang='grc' dir='ltr'>(ΖΑΗ.</span> <span class='ocrx_word' id='word_1_26' title='bbox 328 509 522 559; x_wconf 85' lang='lat' dir='ltr'><strong>legerupa.</strong></span> <span class='ocrx_word' id='word_1_27' title='bbox 584 509 654 545; x_wconf 72' lang='lat' dir='ltr'><strong>BA.</strong></span> <span class='ocrx_word' id='word_1_28' title='bbox 687 507 828 546; x_wconf 90' lang='lat' dir='ltr'><strong>ualide.</strong></span> <span class='ocrx_word' id='word_1_29' title='bbox 890 509 952 547; x_wconf 90' lang='lat' dir='ltr'><strong>Ps.</strong></span> <span class='ocrx_word' id='word_1_30' title='bbox 985 507 1185 559; x_wconf 89' lang='lat' dir='ltr'><strong>permities</strong></span> <span class='ocrx_word' id='word_1_31' title='bbox 1201 510 1513 549; x_wconf 82' lang='lat' dir='ltr'><strong>adulescentum.</strong></span> 
     </span>
     <span class='ocr_line' id='line_1_7' title="bbox 1197 576 1511 615; baseline 0.01 -3"><span class='ocrx_word' id='word_1_32' title='bbox 1197 576 1266 612; x_wconf 71' lang='grc' dir='ltr'><strong>ΒΑ.</strong></span> <span class='ocrx_word' id='word_1_33' title='bbox 1299 589 1511 615; x_wconf 84' lang='lat' dir='ltr'><strong>acerrume.</strong></span> 
     </span>
     <span class='ocr_line' id='line_1_8' title="bbox 90 638 1513 689; baseline 0.001 -11"><span class='ocrx_word' id='word_1_34' title='bbox 90 643 154 689; x_wconf 85' lang='lat'><strong>365</strong></span> <span class='ocrx_word' id='word_1_35' title='bbox 179 639 294 678; x_wconf 80' lang='lat' dir='ltr'><strong>CALI.</strong></span> <span class='ocrx_word' id='word_1_36' title='bbox 341 640 410 676; x_wconf 88' lang='lat' dir='ltr'><strong>fur.</strong></span> <span class='ocrx_word' id='word_1_37' title='bbox 490 640 560 677; x_wconf 77' lang='lat' dir='ltr'><strong>BA.</strong></span> <span class='ocrx_word' id='word_1_38' title='bbox 612 638 762 677; x_wconf 84' lang='lat' dir='ltr'><strong>babae!</strong></span> <span class='ocrx_word' id='word_1_39' title='bbox 840 641 901 677; x_wconf 85' lang='lat' dir='ltr'><strong>Ps.</strong></span> <span class='ocrx_word' id='word_1_40' title='bbox 948 638 1122 689; x_wconf 84' lang='lat' dir='ltr'><strong>fugitiue.</strong></span> <span class='ocrx_word' id='word_1_41' title='bbox 1198 642 1269 678; x_wconf 76' lang='grc' dir='ltr'><strong>ΒΑ.</strong></span> <span class='ocrx_word' id='word_1_42' title='bbox 1316 641 1513 680; x_wconf 79' lang='lat' dir='ltr'><strong>bombax!</strong></span> 
     </span>
     <span class='ocr_line' id='line_1_9' title="bbox 672 704 1510 755; baseline 0.002 -12"><span class='ocrx_word' id='word_1_43' title='bbox 672 706 789 743; x_wconf 74' lang='lat' dir='ltr'><strong>CALI.</strong></span> <span class='ocrx_word' id='word_1_44' title='bbox 822 706 923 743; x_wconf 90' lang='lat' dir='ltr'><strong>fraus</strong></span> <span class='ocrx_word' id='word_1_45' title='bbox 944 704 1092 755; x_wconf 90' lang='lat' dir='ltr'><strong>populi.</strong></span> <span class='ocrx_word' id='word_1_46' title='bbox 1154 707 1226 743; x_wconf 78' lang='grc' dir='ltr'><strong>ΒΑ.</strong></span> <span class='ocrx_word' id='word_1_47' title='bbox 1259 706 1510 755; x_wconf 80' lang='lat' dir='ltr'><strong>planissume.</strong></span> 
     </span>
     <span class='ocr_line' id='line_1_10' title="bbox 177 769 1598 819; baseline 0.003 -13"><span class='ocrx_word' id='word_1_48' title='bbox 177 770 239 807; x_wconf 90' lang='lat' dir='ltr'><strong>Ps.</strong></span> <span class='ocrx_word' id='word_1_49' title='bbox 271 769 530 808; x_wconf 84' lang='lat' dir='ltr'><strong>fraudulente.</strong></span> <span class='ocrx_word' id='word_1_50' title='bbox 582 770 697 809; x_wconf 72' lang='lat' dir='ltr'><strong>CALI.</strong></span> <span class='ocrx_word' id='word_1_51' title='bbox 730 769 879 819; x_wconf 90' lang='lat' dir='ltr'><strong>inpure.</strong></span> <span class='ocrx_word' id='word_1_52' title='bbox 932 771 994 808; x_wconf 88' lang='lat' dir='ltr'><strong>Ps.</strong></span> <span class='ocrx_word' id='word_1_53' title='bbox 1027 771 1129 808; x_wconf 86' lang='lat' dir='ltr'><strong>leno.</strong></span> <span class='ocrx_word' id='word_1_54' title='bbox 1182 772 1297 811; x_wconf 72' lang='lat' dir='ltr'><strong>CALL</strong></span> <span class='ocrx_word' id='word_1_55' title='bbox 1331 786 1509 810; x_wconf 91' lang='lat' dir='ltr'><strong>caenum.</strong></span> <span class='ocrx_word' id='word_1_56' title='bbox 1538 788 1598 819; x_wconf 76' lang='lat'><strong>140</strong></span> 
     </span>
     <span class='ocr_line' id='line_1_11' title="bbox 1035 837 1512 887; baseline 0.006 -14"><span class='ocrx_word' id='word_1_57' title='bbox 1035 837 1106 873; x_wconf 76' lang='lat' dir='ltr'><strong>BA.</strong></span> <span class='ocrx_word' id='word_1_58' title='bbox 1139 844 1319 874; x_wconf 84' lang='lat' dir='ltr'><strong>cantores</strong></span> <span class='ocrx_word' id='word_1_59' title='bbox 1340 838 1486 887; x_wconf 89' lang='lat' dir='ltr'><strong>probos</strong></span> <span class='ocrx_word' id='word_1_60' title='bbox 1505 840 1512 876; x_wconf 81' lang='lat'>1</span> 
     </span>
     <span class='ocr_line' id='line_1_12' title="bbox 175 899 1510 951; baseline 0.001 -11"><span class='ocrx_word' id='word_1_61' title='bbox 175 900 290 940; x_wconf 77' lang='lat' dir='ltr'><strong>CALr.</strong></span> <span class='ocrx_word' id='word_1_62' title='bbox 323 899 578 939; x_wconf 89' lang='lat' dir='ltr'><strong>uerberauisti</strong></span> <span class='ocrx_word' id='word_1_63' title='bbox 600 907 750 951; x_wconf 88' lang='lat' dir='ltr'><strong>patrem</strong></span> <span class='ocrx_word' id='word_1_64' title='bbox 770 908 889 951; x_wconf 89' lang='lat' dir='ltr'><strong>atque</strong></span> <span class='ocrx_word' id='word_1_65' title='bbox 911 908 1087 940; x_wconf 90' lang='lat' dir='ltr'><strong>matrem.</strong></span> <span class='ocrx_word' id='word_1_66' title='bbox 1140 903 1210 939; x_wconf 71' lang='lat' dir='ltr'><strong>BA.</strong></span> <span class='ocrx_word' id='word_1_67' title='bbox 1243 910 1362 951; x_wconf 83' lang='lat' dir='ltr'><strong>atque</strong></span> <span class='ocrx_word' id='word_1_68' title='bbox 1383 902 1510 942; x_wconf 88' lang='lat' dir='ltr'><strong>occidi</strong></span> 
     </span>
     <span class='ocr_line' id='line_1_13' title="bbox 1349 981 1510 1018; baseline 0.012 -13"><span class='ocrx_word' id='word_1_69' title='bbox 1349 981 1510 1018; x_wconf 88' lang='lat' dir='ltr'><strong>quoque</strong></span> 
     </span>
     <span class='ocr_line' id='line_1_14' title="bbox 171 1030 1492 1083; baseline 0.003 -15"><span class='ocrx_word' id='word_1_70' title='bbox 171 1030 302 1081; x_wconf 91' lang='lat' dir='ltr'><strong>potius</strong></span> <span class='ocrx_word' id='word_1_71' title='bbox 324 1044 443 1080; x_wconf 87' lang='lat' dir='ltr'><strong>quam</strong></span> <span class='ocrx_word' id='word_1_72' title='bbox 465 1030 598 1069; x_wconf 89' lang='lat' dir='ltr'><strong>cibum</strong></span> <span class='ocrx_word' id='word_1_73' title='bbox 620 1031 892 1081; x_wconf 84' lang='lat' dir='ltr'><strong>praehiberem</strong></span> <span class='ocrx_word' id='word_1_74' title='bbox 913 1047 920 1070; x_wconf 75' lang='grc' dir='ltr'>ε</span> <span class='ocrx_word' id='word_1_75' title='bbox 953 1046 1049 1070; x_wconf 88' lang='lat' dir='ltr'><strong>num</strong></span> <span class='ocrx_word' id='word_1_76' title='bbox 1071 1031 1233 1082; x_wconf 87' lang='lat' dir='ltr'><strong>peccaui</strong></span> <span class='ocrx_word' id='word_1_77' title='bbox 1257 1032 1492 1083; x_wconf 84' lang='lat' dir='ltr'><strong>quippiam?</strong></span> 
     </span>
     <span class='ocr_line' id='line_1_15' title="bbox 174 1095 1488 1148; baseline 0.002 -14"><span class='ocrx_word' id='word_1_78' title='bbox 174 1098 235 1134; x_wconf 86' lang='lat' dir='ltr'><strong>Ps.</strong></span> <span class='ocrx_word' id='word_1_79' title='bbox 268 1095 307 1134; x_wconf 91' lang='lat' dir='ltr'><strong>in</strong></span> <span class='ocrx_word' id='word_1_80' title='bbox 329 1104 551 1146; x_wconf 88' lang='lat' dir='ltr'><strong>pertussum</strong></span> <span class='ocrx_word' id='word_1_81' title='bbox 573 1096 786 1146; x_wconf 80' lang='lat' dir='ltr'><strong>ingerimus</strong></span> <span class='ocrx_word' id='word_1_82' title='bbox 807 1096 914 1135; x_wconf 89' lang='lat' dir='ltr'><strong>dicta</strong></span> <span class='ocrx_word' id='word_1_83' title='bbox 933 1096 1097 1144; x_wconf 91' lang='lat' dir='ltr'><strong>dolium,</strong></span> <span class='ocrx_word' id='word_1_84' title='bbox 1122 1111 1282 1148; x_wconf 85' lang='lat' dir='ltr'><strong>operam</strong></span> <span class='ocrx_word' id='word_1_85' title='bbox 1306 1097 1488 1136; x_wconf 86' lang='lat' dir='ltr'><strong>ludimus.</strong></span> 
     </span>
     <span class='ocr_line' id='line_1_16' title="bbox 72 1161 1507 1214; baseline 0.003 -15"><span class='ocrx_word' id='word_1_86' title='bbox 72 1170 154 1210; x_wconf 86' lang='lat'>&#39;370</span> <span class='ocrx_word' id='word_1_87' title='bbox 174 1163 244 1200; x_wconf 82' lang='grc' dir='ltr'><strong>ΒΑ.</strong></span> <span class='ocrx_word' id='word_1_88' title='bbox 277 1161 472 1212; x_wconf 89' lang='lat' dir='ltr'><strong>numquid</strong></span> <span class='ocrx_word' id='word_1_89' title='bbox 501 1161 609 1200; x_wconf 91' lang='lat' dir='ltr'><strong>aliud</strong></span> <span class='ocrx_word' id='word_1_90' title='bbox 640 1161 757 1200; x_wconf 86' lang='lat' dir='ltr'><strong>etiam</strong></span> <span class='ocrx_word' id='word_1_91' title='bbox 788 1162 906 1201; x_wconf 91' lang='lat' dir='ltr'><strong>uoltis</strong></span> <span class='ocrx_word' id='word_1_92' title='bbox 936 1162 1098 1201; x_wconf 83' lang='lat' dir='ltr'><strong>dicere?</strong></span> <span class='ocrx_word' id='word_1_93' title='bbox 1155 1164 1270 1202; x_wconf 73' lang='lat' dir='ltr'><strong>CALI.</strong></span> <span class='ocrx_word' id='word_1_94' title='bbox 1304 1163 1447 1214; x_wconf 87' lang='lat' dir='ltr'><strong>ecquid</strong></span> <span class='ocrx_word' id='word_1_95' title='bbox 1470 1172 1507 1203; x_wconf 92' lang='lat' dir='ltr'><strong>te</strong></span> 
     </span>
     <span class='ocr_line' id='line_1_17' title="bbox 1352 1230 1507 1279; baseline 0.006 -12"><span class='ocrx_word' id='word_1_96' title='bbox 1352 1230 1507 1279; x_wconf 88' lang='lat' dir='ltr'><strong>pudet?</strong></span> 
     </span>
     <span class='ocr_line' id='line_1_18' title="bbox 169 1292 1588 1344; baseline 0 -13"><span class='ocrx_word' id='word_1_97' title='bbox 169 1294 242 1331; x_wconf 83' lang='grc' dir='ltr'><strong>ΒΑ.</strong></span> <span class='ocrx_word' id='word_1_98' title='bbox 273 1300 338 1331; x_wconf 89' lang='lat' dir='ltr'><strong>ten</strong></span> <span class='ocrx_word' id='word_1_99' title='bbox 377 1300 594 1332; x_wconf 87' lang='lat' dir='ltr'><strong>amatorem</strong></span> <span class='ocrx_word' id='word_1_100' title='bbox 634 1306 720 1332; x_wconf 86' lang='lat' dir='ltr'><strong>esse</strong></span> <span class='ocrx_word' id='word_1_101' title='bbox 759 1292 966 1332; x_wconf 89' lang='lat' dir='ltr'><strong>inuentum</strong></span> <span class='ocrx_word' id='word_1_102' title='bbox 1007 1292 1166 1332; x_wconf 89' lang='lat' dir='ltr'><strong>inanem</strong></span> <span class='ocrx_word' id='word_1_103' title='bbox 1206 1293 1316 1344; x_wconf 89' lang='lat' dir='ltr'><strong>quasi</strong></span> <span class='ocrx_word' id='word_1_104' title='bbox 1352 1308 1503 1333; x_wconf 84' lang='lat' dir='ltr'><strong>cassam</strong></span> <span class='ocrx_word' id='word_1_105' title='bbox 1531 1311 1563 1341; x_wconf 71' lang='lat'><strong>¹4</strong></span> <span class='ocrx_word' id='word_1_106' title='bbox 1571 1310 1588 1342; x_wconf 89' lang='lat'>5</span> 
     </span>
     <span class='ocr_line' id='line_1_19' title="bbox 1330 1362 1504 1398; baseline 0.006 -1"><span class='ocrx_word' id='word_1_107' title='bbox 1330 1373 1473 1398; x_wconf 89' lang='lat' dir='ltr'><strong>nucem</strong></span> <span class='ocrx_word' id='word_1_108' title='bbox 1488 1362 1504 1397; x_wconf 90' lang='lat'>?</span> 
     </span>
     <span class='ocr_line' id='line_1_20' title="bbox 166 1422 1501 1477; baseline 0.001 -15"><span class='ocrx_word' id='word_1_109' title='bbox 166 1437 303 1462; x_wconf 88' lang='lat' dir='ltr'><strong>uerum</strong></span> <span class='ocrx_word' id='word_1_110' title='bbox 321 1437 564 1474; x_wconf 85' lang='lat' dir='ltr'><strong>quamquam</strong></span> <span class='ocrx_word' id='word_1_111' title='bbox 582 1425 705 1463; x_wconf 88' lang='lat' dir='ltr'><strong>multa</strong></span> <span class='ocrx_word' id='word_1_112' title='bbox 727 1425 909 1475; x_wconf 88' lang='lat' dir='ltr'><strong>malaque</strong></span> <span class='ocrx_word' id='word_1_113' title='bbox 933 1422 988 1476; x_wconf 90' lang='lat' dir='ltr'><strong>[in</strong></span> <span class='ocrx_word' id='word_1_114' title='bbox 1006 1422 1086 1477; x_wconf 86' lang='lat' dir='ltr'><strong>me]</strong></span> <span class='ocrx_word' id='word_1_115' title='bbox 1104 1424 1210 1463; x_wconf 86' lang='lat' dir='ltr'><strong>dicta</strong></span> <span class='ocrx_word' id='word_1_116' title='bbox 1227 1424 1377 1463; x_wconf 81' lang='lat' dir='ltr'><strong>dixistis</strong></span> <span class='ocrx_word' id='word_1_117' title='bbox 1395 1425 1501 1473; x_wconf 86' lang='lat' dir='ltr'><strong>mihi,</strong></span> 
     </span>
     <span class='ocr_line' id='line_1_21' title="bbox 166 1489 1440 1541; baseline 0.002 -14"><span class='ocrx_word' id='word_1_118' title='bbox 166 1489 240 1528; x_wconf 85' lang='lat' dir='ltr'><strong>nisi</strong></span> <span class='ocrx_word' id='word_1_119' title='bbox 262 1489 357 1528; x_wconf 91' lang='lat' dir='ltr'><strong>mihi</strong></span> <span class='ocrx_word' id='word_1_120' title='bbox 379 1489 499 1529; x_wconf 90' lang='lat' dir='ltr'><strong>hodie</strong></span> <span class='ocrx_word' id='word_1_121' title='bbox 519 1489 691 1528; x_wconf 88' lang='lat' dir='ltr'><strong>attulerit</strong></span> <span class='ocrx_word' id='word_1_122' title='bbox 712 1489 824 1529; x_wconf 87' lang='lat' dir='ltr'><strong>miles</strong></span> <span class='ocrx_word' id='word_1_123' title='bbox 845 1490 1023 1541; x_wconf 90' lang='lat' dir='ltr'><strong>quinque</strong></span> <span class='ocrx_word' id='word_1_124' title='bbox 1044 1504 1142 1541; x_wconf 90' lang='lat' dir='ltr'><strong>quas</strong></span> <span class='ocrx_word' id='word_1_125' title='bbox 1163 1491 1283 1529; x_wconf 89' lang='lat' dir='ltr'><strong>debet</strong></span> <span class='ocrx_word' id='word_1_126' title='bbox 1304 1490 1440 1538; x_wconf 90' lang='lat' dir='ltr'><strong>minas,</strong></span> 
     </span>
     <span class='ocr_line' id='line_1_22' title="bbox 166 1554 1244 1606; baseline 0.002 -13"><span class='ocrx_word' id='word_1_127' title='bbox 166 1554 266 1593; x_wconf 91' lang='lat' dir='ltr'><strong>sicut</strong></span> <span class='ocrx_word' id='word_1_128' title='bbox 286 1556 384 1593; x_wconf 90' lang='lat' dir='ltr'><strong>haec</strong></span> <span class='ocrx_word' id='word_1_129' title='bbox 405 1562 463 1594; x_wconf 89' lang='lat' dir='ltr'><strong>est</strong></span> <span class='ocrx_word' id='word_1_130' title='bbox 484 1555 713 1605; x_wconf 85' lang='lat' dir='ltr'><strong>praestituta</strong></span> <span class='ocrx_word' id='word_1_131' title='bbox 734 1569 890 1594; x_wconf 89' lang='lat' dir='ltr'><strong>summa</strong></span> <span class='ocrx_word' id='word_1_132' title='bbox 910 1555 945 1594; x_wconf 90' lang='lat' dir='ltr'><strong>ei</strong></span> <span class='ocrx_word' id='word_1_133' title='bbox 965 1563 1127 1606; x_wconf 86' lang='lat' dir='ltr'><strong>argento</strong></span> <span class='ocrx_word' id='word_1_134' title='bbox 1149 1555 1244 1603; x_wconf 88' lang='lat' dir='ltr'><strong>dies,</strong></span> 
     </span>
     <span class='ocr_line' id='line_1_23' title="bbox 80 1619 1413 1671; baseline 0.002 -13"><span class='ocrx_word' id='word_1_135' title='bbox 80 1632 145 1670; x_wconf 82' lang='lat'><strong>375</strong></span> <span class='ocrx_word' id='word_1_136' title='bbox 166 1619 197 1658; x_wconf 90' lang='lat' dir='ltr'><strong>si</strong></span> <span class='ocrx_word' id='word_1_137' title='bbox 219 1620 258 1658; x_wconf 91' lang='lat' dir='ltr'><strong>id</strong></span> <span class='ocrx_word' id='word_1_138' title='bbox 279 1634 360 1659; x_wconf 89' lang='lat' dir='ltr'><strong>non</strong></span> <span class='ocrx_word' id='word_1_139' title='bbox 381 1622 516 1668; x_wconf 87' lang='lat' dir='ltr'><strong>adfert,</strong></span> <span class='ocrx_word' id='word_1_140' title='bbox 540 1634 657 1671; x_wconf 85' lang='lat' dir='ltr'><strong>posse</strong></span> <span class='ocrx_word' id='word_1_141' title='bbox 678 1620 819 1671; x_wconf 89' lang='lat' dir='ltr'><strong>opinor</strong></span> <span class='ocrx_word' id='word_1_142' title='bbox 840 1622 967 1659; x_wconf 86' lang='lat' dir='ltr'><strong>facere</strong></span> <span class='ocrx_word' id='word_1_143' title='bbox 989 1634 1052 1659; x_wconf 90' lang='lat' dir='ltr'><strong>me</strong></span> <span class='ocrx_word' id='word_1_144' title='bbox 1073 1620 1246 1659; x_wconf 87' lang='lat' dir='ltr'><strong>officium</strong></span> <span class='ocrx_word' id='word_1_145' title='bbox 1269 1635 1413 1661; x_wconf 89' lang='lat' dir='ltr'><strong>meum.</strong></span> 
     </span>
     <span class='ocr_line' id='line_1_24' title="bbox 166 1685 1584 1736; baseline 0.001 -12"><span class='ocrx_word' id='word_1_146' title='bbox 166 1686 281 1725; x_wconf 76' lang='lat' dir='ltr'><strong>CALl.</strong></span> <span class='ocrx_word' id='word_1_147' title='bbox 314 1685 410 1736; x_wconf 90' lang='lat' dir='ltr'><strong>quid</strong></span> <span class='ocrx_word' id='word_1_148' title='bbox 438 1685 477 1725; x_wconf 90' lang='lat' dir='ltr'><strong>id</strong></span> <span class='ocrx_word' id='word_1_149' title='bbox 506 1687 594 1724; x_wconf 88' lang='lat' dir='ltr'><strong>est?</strong></span> <span class='ocrx_word' id='word_1_150' title='bbox 624 1710 626 1713; x_wconf 85' lang='lat'><em>·</em></span> <span class='ocrx_word' id='word_1_151' title='bbox 652 1688 723 1724; x_wconf 81' lang='grc' dir='ltr'><strong>ΒΑ.</strong></span> <span class='ocrx_word' id='word_1_152' title='bbox 757 1685 788 1724; x_wconf 93' lang='lat' dir='ltr'><strong>si</strong></span> <span class='ocrx_word' id='word_1_153' title='bbox 816 1694 857 1724; x_wconf 92' lang='lat' dir='ltr'><strong>tu</strong></span> <span class='ocrx_word' id='word_1_154' title='bbox 878 1694 1084 1736; x_wconf 86' lang='lat' dir='ltr'><strong>argentum</strong></span> <span class='ocrx_word' id='word_1_155' title='bbox 1112 1686 1296 1733; x_wconf 88' lang='lat' dir='ltr'><strong>attuleris,</strong></span> <span class='ocrx_word' id='word_1_156' title='bbox 1321 1701 1410 1726; x_wconf 89' lang='lat' dir='ltr'><strong>cum</strong></span> <span class='ocrx_word' id='word_1_157' title='bbox 1433 1687 1499 1727; x_wconf 91' lang='lat' dir='ltr'><strong>illo</strong></span> <span class='ocrx_word' id='word_1_158' title='bbox 1523 1703 1584 1734; x_wconf 76' lang='lat'><strong>150</strong></span> 
     </span>
     <span class='ocr_line' id='line_1_25' title="bbox 1124 1751 1499 1802; baseline 0.008 -12"><span class='ocrx_word' id='word_1_159' title='bbox 1124 1751 1333 1802; x_wconf 88' lang='lat' dir='ltr'><strong>perdidero</strong></span> <span class='ocrx_word' id='word_1_160' title='bbox 1355 1754 1499 1793; x_wconf 86' lang='lat' dir='ltr'><strong>fidem:</strong></span> 
     </span>
    </p>
   </div>
   <div class='ocr_carea' id='block_1_3' title="bbox 161 1816 1497 1868">
    <p class='ocr_par' dir='ltr' id='par_1_3' title="bbox 161 1816 1497 1868">
     <span class='ocr_line' id='line_1_26' title="bbox 161 1816 1497 1868; baseline 0.001 -12"><span class='ocrx_word' id='word_1_161' title='bbox 161 1818 238 1857; x_wconf 87' lang='lat' dir='ltr'><strong>hoc</strong></span> <span class='ocrx_word' id='word_1_162' title='bbox 273 1831 406 1857; x_wconf 90' lang='lat' dir='ltr'><strong>meum</strong></span> <span class='ocrx_word' id='word_1_163' title='bbox 441 1824 499 1856; x_wconf 89' lang='lat' dir='ltr'><strong>est</strong></span> <span class='ocrx_word' id='word_1_164' title='bbox 533 1816 717 1857; x_wconf 90' lang='lat' dir='ltr'><strong>officium.</strong></span> <span class='ocrx_word' id='word_1_165' title='bbox 777 1830 862 1868; x_wconf 85' lang='lat' dir='ltr'><strong>ego,</strong></span> <span class='ocrx_word' id='word_1_166' title='bbox 900 1830 1042 1868; x_wconf 90' lang='lat' dir='ltr'><strong>operae</strong></span> <span class='ocrx_word' id='word_1_167' title='bbox 1078 1817 1108 1855; x_wconf 89' lang='lat' dir='ltr'><strong>si</strong></span> <span class='ocrx_word' id='word_1_168' title='bbox 1148 1817 1207 1865; x_wconf 84' lang='lat' dir='ltr'><strong>sit,</strong></span> <span class='ocrx_word' id='word_1_169' title='bbox 1245 1819 1332 1868; x_wconf 90' lang='lat' dir='ltr'><strong>plus</strong></span> <span class='ocrx_word' id='word_1_170' title='bbox 1366 1826 1497 1857; x_wconf 92' lang='lat' dir='ltr'><strong>tecum</strong></span> 
     </span>
    </p>
   </div>
   <div class='ocr_carea' id='block_1_4' title="bbox 159 1884 1498 2116">
    <p class='ocr_par' dir='ltr' id='par_1_4' title="bbox 1335 1884 1498 1933">
     <span class='ocr_line' id='line_1_27' title="bbox 1335 1884 1498 1933; baseline 0.006 -12"><span class='ocrx_word' id='word_1_171' title='bbox 1335 1884 1498 1933; x_wconf 81' lang='lat' dir='ltr'><strong>loquar,-</strong></span> 
     </span>
    </p>

    <p class='ocr_par' dir='ltr' id='par_1_5' title="bbox 159 1987 1498 2116">
     <span class='ocr_line' id='line_1_28' title="bbox 203 1987 1494 2029; baseline 0.001 -9"><span class='ocrx_word' id='word_1_172' title='bbox 203 1991 266 2028; x_wconf 89' lang='lat'><strong>362</strong></span> <span class='ocrx_word' id='word_1_173' title='bbox 290 1988 503 2020; x_wconf 80' lang='lat' dir='ltr'><strong>sociusraude</strong></span> <span class='ocrx_word' id='word_1_174' title='bbox 529 1987 562 2018; x_wconf 81' lang='lat' dir='ltr'><em>A</em></span> <span class='ocrx_word' id='word_1_175' title='bbox 676 1997 750 2018; x_wconf 88' lang='lat' dir='ltr'><strong>mea</strong></span> <span class='ocrx_word' id='word_1_176' title='bbox 775 1998 813 2019; x_wconf 88' lang='lat' dir='ltr'><strong>ec</strong></span> <span class='ocrx_word' id='word_1_177' title='bbox 846 1989 910 2019; x_wconf 85' lang='lat' dir='ltr'><strong>ista</strong></span> <span class='ocrx_word' id='word_1_178' title='bbox 938 1987 972 2018; x_wconf 81' lang='lat' dir='ltr'><em>P</em></span> <span class='ocrx_word' id='word_1_179' title='bbox 995 1988 1050 2027; x_wconf 71' lang='lat' dir='ltr'><strong>(ec</strong></span> <span class='ocrx_word' id='word_1_180' title='bbox 1079 1999 1095 2019; x_wconf 83' lang='lat' dir='ltr'><strong>e</strong></span> <span class='ocrx_word' id='word_1_181' title='bbox 1122 1998 1229 2028; x_wconf 70' lang='lat' dir='ltr'><strong>matg.</strong></span> <span class='ocrx_word' id='word_1_182' title='bbox 1251 1993 1311 2018; x_wconf 80' lang='lat' dir='ltr'><strong>au!</strong></span> <span class='ocrx_word' id='word_1_183' title='bbox 1325 1992 1494 2029; x_wconf 50' lang='lat' dir='ltr'><strong>supas-crs&gt;</strong></span> 
     </span>
     <span class='ocr_line' id='line_1_29' title="bbox 159 2030 1498 2073; baseline -0.001 -9"><span class='ocrx_word' id='word_1_184' title='bbox 159 2034 223 2072; x_wconf 80' lang='lat'><strong>364</strong></span> <span class='ocrx_word' id='word_1_185' title='bbox 249 2033 425 2073; x_wconf 86' lang='lat' dir='ltr'><strong>permittes</strong></span> <span class='ocrx_word' id='word_1_186' title='bbox 453 2032 510 2063; x_wconf 88' lang='lat' dir='ltr'><strong>A:</strong></span> <span class='ocrx_word' id='word_1_187' title='bbox 535 2031 707 2072; x_wconf 85' lang='lat' dir='ltr'><strong>permilies</strong></span> <span class='ocrx_word' id='word_1_188' title='bbox 732 2030 766 2062; x_wconf 82' lang='lat' dir='ltr'><em>P</em></span> <span class='ocrx_word' id='word_1_189' title='bbox 906 2033 970 2071; x_wconf 86' lang='lat'><strong>366</strong></span> <span class='ocrx_word' id='word_1_190' title='bbox 995 2031 1072 2062; x_wconf 88' lang='lat' dir='ltr'><strong>leno</strong></span> <span class='ocrx_word' id='word_1_191' title='bbox 1101 2032 1252 2063; x_wconf 79' lang='lat' dir='ltr'><strong>Calidoro</strong></span> <span class='ocrx_word' id='word_1_192' title='bbox 1277 2033 1444 2063; x_wconf 77' lang='lat' dir='ltr'><strong>continuat</strong></span> <span class='ocrx_word' id='word_1_193' title='bbox 1465 2033 1498 2063; x_wconf 89' lang='lat' dir='ltr'><em>P</em></span> 
     </span>
     <span class='ocr_line' id='line_1_30' title="bbox 159 2075 1492 2116; baseline 0.001 -9"><span class='ocrx_word' id='word_1_194' title='bbox 159 2087 224 2115; x_wconf 90' lang='lat'><strong>370</strong></span> <span class='ocrx_word' id='word_1_195' title='bbox 248 2087 336 2107; x_wconf 88' lang='lat' dir='ltr'><strong>nunc</strong></span> <span class='ocrx_word' id='word_1_196' title='bbox 353 2077 432 2116; x_wconf 91' lang='lat' dir='ltr'><strong>quid</strong></span> <span class='ocrx_word' id='word_1_197' title='bbox 449 2076 549 2107; x_wconf 87' lang='lat' dir='ltr'><strong>alium</strong></span> <span class='ocrx_word' id='word_1_198' title='bbox 566 2075 600 2106; x_wconf 87' lang='lat' dir='ltr'><em>P</em></span> <span class='ocrx_word' id='word_1_199' title='bbox 698 2086 736 2107; x_wconf 88' lang='lat' dir='ltr'><strong>ec</strong></span> <span class='ocrx_word' id='word_1_200' title='bbox 750 2075 842 2115; x_wconf 88' lang='lat' dir='ltr'><strong>quite</strong></span> <span class='ocrx_word' id='word_1_201' title='bbox 860 2086 889 2115; x_wconf 91' lang='lat' dir='ltr'><strong>p.</strong></span> <span class='ocrx_word' id='word_1_202' title='bbox 911 2075 944 2106; x_wconf 82' lang='lat' dir='ltr'><em>P</em></span> <span class='ocrx_word' id='word_1_203' title='bbox 959 2076 1034 2116; x_wconf 77' lang='lat' dir='ltr'><strong>(pm</strong></span> <span class='ocrx_word' id='word_1_204' title='bbox 1050 2077 1163 2115; x_wconf 88' lang='lat' dir='ltr'><strong>ecquit</strong></span> <span class='ocrx_word' id='word_1_205' title='bbox 1180 2077 1229 2114; x_wconf 73' lang='lat' dir='ltr'><strong>te)</strong></span> <span class='ocrx_word' id='word_1_206' title='bbox 1373 2086 1433 2115; x_wconf 86' lang='lat'><strong>371</strong></span> <span class='ocrx_word' id='word_1_207' title='bbox 1460 2083 1492 2108; x_wconf 85' lang='lat' dir='ltr'><strong>te</strong></span> 
     </span>
    </p>
   </div>
   <div class='ocr_carea' id='block_1_5' title="bbox 158 2119 1494 2423">
    <p class='ocr_par' dir='ltr' id='par_1_6' title="bbox 158 2119 1494 2423">
     <span class='ocr_line' id='line_1_31' title="bbox 159 2119 1492 2159; baseline 0 -8"><span class='ocrx_word' id='word_1_208' title='bbox 159 2120 192 2151; x_wconf 84' lang='lat' dir='ltr'><em>P</em></span> <span class='ocrx_word' id='word_1_209' title='bbox 278 2121 454 2151; x_wconf 85' lang='lat' dir='ltr'><strong>inuentum</strong></span> <span class='ocrx_word' id='word_1_210' title='bbox 473 2130 551 2151; x_wconf 87' lang='lat' dir='ltr'><strong>esse</strong></span> <span class='ocrx_word' id='word_1_211' title='bbox 565 2119 598 2150; x_wconf 85' lang='lat' dir='ltr'><em>P</em></span> <span class='ocrx_word' id='word_1_212' title='bbox 726 2130 790 2159; x_wconf 85' lang='lat'><strong>372</strong></span> <span class='ocrx_word' id='word_1_213' title='bbox 815 2129 933 2150; x_wconf 85' lang='lat' dir='ltr'><strong>uerum</strong></span> <span class='ocrx_word' id='word_1_214' title='bbox 951 2130 981 2158; x_wconf 90' lang='lat' dir='ltr'><strong>q.</strong></span> <span class='ocrx_word' id='word_1_215' title='bbox 1002 2130 1043 2150; x_wconf 89' lang='lat' dir='ltr'><strong>m.</strong></span> <span class='ocrx_word' id='word_1_216' title='bbox 1063 2119 1150 2150; x_wconf 82' lang='lat' dir='ltr'><strong>mala</strong></span> <span class='ocrx_word' id='word_1_217' title='bbox 1168 2130 1255 2159; x_wconf 81' lang='lat' dir='ltr'><strong>quae</strong></span> <span class='ocrx_word' id='word_1_218' title='bbox 1276 2120 1309 2149; x_wconf 89' lang='lat' dir='ltr'><strong>in</strong></span> <span class='ocrx_word' id='word_1_219' title='bbox 1334 2130 1388 2151; x_wconf 87' lang='lat' dir='ltr'><strong>me</strong></span> <span class='ocrx_word' id='word_1_220' title='bbox 1404 2120 1492 2151; x_wconf 85' lang='lat' dir='ltr'><strong>dicta</strong></span> 
     </span>
     <span class='ocr_line' id='line_1_32' title="bbox 159 2163 1490 2203; baseline 0 -9"><span class='ocrx_word' id='word_1_221' title='bbox 159 2163 292 2195; x_wconf 84' lang='lat' dir='ltr'><strong>dixistis</strong></span> <span class='ocrx_word' id='word_1_222' title='bbox 324 2169 436 2195; x_wconf 83' lang='lat' dir='ltr'><strong>tamen</strong></span> <span class='ocrx_word' id='word_1_223' title='bbox 469 2163 525 2193; x_wconf 85' lang='lat' dir='ltr'><strong>A:</strong></span> <span class='ocrx_word' id='word_1_224' title='bbox 551 2163 611 2194; x_wconf 89' lang='lat' dir='ltr'><strong>sed</strong></span> <span class='ocrx_word' id='word_1_225' title='bbox 638 2173 669 2203; x_wconf 89' lang='lat' dir='ltr'><strong>q.</strong></span> <span class='ocrx_word' id='word_1_226' title='bbox 698 2173 742 2195; x_wconf 88' lang='lat' dir='ltr'><strong>m.</strong></span> <span class='ocrx_word' id='word_1_227' title='bbox 771 2163 857 2194; x_wconf 84' lang='lat' dir='ltr'><strong>mala</strong></span> <span class='ocrx_word' id='word_1_228' title='bbox 888 2173 975 2202; x_wconf 85' lang='lat' dir='ltr'><strong>quae</strong></span> <span class='ocrx_word' id='word_1_229' title='bbox 1001 2164 1030 2193; x_wconf 92' lang='lat' dir='ltr'><strong>in</strong></span> <span class='ocrx_word' id='word_1_230' title='bbox 1058 2174 1110 2194; x_wconf 85' lang='lat' dir='ltr'><strong>me</strong></span> <span class='ocrx_word' id='word_1_231' title='bbox 1135 2163 1222 2194; x_wconf 87' lang='lat' dir='ltr'><strong>dicta</strong></span> <span class='ocrx_word' id='word_1_232' title='bbox 1247 2164 1382 2194; x_wconf 81' lang='lat' dir='ltr'><strong>dixistis</strong></span> <span class='ocrx_word' id='word_1_233' title='bbox 1410 2164 1490 2194; x_wconf 85' lang='lat' dir='ltr'><strong>mihi</strong></span> 
     </span>
     <span class='ocr_line' id='line_1_33' title="bbox 159 2206 1490 2247; baseline 0.002 -11"><span class='ocrx_word' id='word_1_234' title='bbox 159 2206 209 2237; x_wconf 88' lang='lat' dir='ltr'><strong>P:</strong></span> <span class='ocrx_word' id='word_1_235' title='bbox 235 2208 320 2238; x_wconf 81' lang='lat' dir='ltr'><strong>duas</strong></span> <span class='ocrx_word' id='word_1_236' title='bbox 343 2208 503 2238; x_wconf 72' lang='lat' dir='ltr'><strong>versiones</strong></span> <span class='ocrx_word' id='word_1_237' title='bbox 518 2207 684 2247; x_wconf 66' lang='lat' dir='ltr'><strong>confictum,</strong></span> <span class='ocrx_word' id='word_1_238' title='bbox 705 2217 823 2238; x_wconf 84' lang='lat' dir='ltr'><strong>uerum</strong></span> <span class='ocrx_word' id='word_1_239' title='bbox 847 2217 880 2246; x_wconf 87' lang='lat' dir='ltr'><strong>q.</strong></span> <span class='ocrx_word' id='word_1_240' title='bbox 907 2217 948 2237; x_wconf 89' lang='lat' dir='ltr'><strong>m.</strong></span> <span class='ocrx_word' id='word_1_241' title='bbox 973 2206 1127 2247; x_wconf 86' lang='lat' dir='ltr'><strong>malaque</strong></span> <span class='ocrx_word' id='word_1_242' title='bbox 1145 2208 1233 2237; x_wconf 82' lang='lat' dir='ltr'><strong>dicta</strong></span> <span class='ocrx_word' id='word_1_243' title='bbox 1258 2207 1394 2238; x_wconf 84' lang='lat' dir='ltr'><strong>dixistis</strong></span> <span class='ocrx_word' id='word_1_244' title='bbox 1411 2208 1490 2238; x_wconf 88' lang='lat' dir='ltr'><strong>mihi</strong></span> 
     </span>
     <span class='ocr_line' id='line_1_34' title="bbox 159 2250 1487 2291; baseline 0.002 -11"><span class='ocrx_word' id='word_1_245' title='bbox 159 2255 188 2281; x_wconf 77' lang='lat' dir='ltr'><strong>et</strong></span> <span class='ocrx_word' id='word_1_246' title='bbox 205 2253 264 2282; x_wconf 86' lang='lat' dir='ltr'><strong>sed</strong></span> <span class='ocrx_word' id='word_1_247' title='bbox 285 2262 315 2291; x_wconf 90' lang='lat' dir='ltr'><strong>q.</strong></span> <span class='ocrx_word' id='word_1_248' title='bbox 337 2263 377 2282; x_wconf 93' lang='lat' dir='ltr'><strong>m.</strong></span> <span class='ocrx_word' id='word_1_249' title='bbox 400 2252 555 2290; x_wconf 81' lang='lat' dir='ltr'><strong>malaque</strong></span> <span class='ocrx_word' id='word_1_250' title='bbox 573 2252 604 2281; x_wconf 91' lang='lat' dir='ltr'><strong>in</strong></span> <span class='ocrx_word' id='word_1_251' title='bbox 624 2261 677 2281; x_wconf 87' lang='lat' dir='ltr'><strong>me</strong></span> <span class='ocrx_word' id='word_1_252' title='bbox 694 2251 783 2282; x_wconf 82' lang='lat' dir='ltr'><strong>dicta</strong></span> <span class='ocrx_word' id='word_1_253' title='bbox 800 2251 943 2289; x_wconf 78' lang='lat' dir='ltr'><strong>dixistis,</strong></span> <span class='ocrx_word' id='word_1_254' title='bbox 969 2256 1092 2283; x_wconf 74' lang='lat' dir='ltr'><strong>tamen,</strong></span> <span class='ocrx_word' id='word_1_255' title='bbox 1116 2250 1211 2280; x_wconf 76' lang='lat' dir='ltr'><strong>credit</strong></span> <span class='ocrx_word' id='word_1_256' title='bbox 1230 2250 1368 2291; x_wconf 57' lang='lat' dir='ltr'><strong>Sqiffmss</strong></span> <span class='ocrx_word' id='word_1_257' title='bbox 1386 2251 1487 2289; x_wconf 70' lang='lat' dir='ltr'><strong>(Berl.</strong></span> 
     </span>
     <span class='ocr_line' id='line_1_35' title="bbox 159 2293 1489 2335; baseline 0.002 -11"><span class='ocrx_word' id='word_1_258' title='bbox 159 2294 243 2326; x_wconf 75' lang='lat' dir='ltr'><strong>Phil.</strong></span> <span class='ocrx_word' id='word_1_259' title='bbox 273 2294 378 2327; x_wconf 83' lang='lat' dir='ltr'><strong>lVoch.</strong></span> <span class='ocrx_word' id='word_1_260' title='bbox 410 2297 458 2329; x_wconf 81' lang='lat'><strong>16,</strong></span> <span class='ocrx_word' id='word_1_261' title='bbox 482 2295 559 2333; x_wconf 47' lang='lat'><strong>2843</strong></span> <span class='ocrx_word' id='word_1_262' title='bbox 693 2304 757 2334; x_wconf 86' lang='lat'><strong>373</strong></span> <span class='ocrx_word' id='word_1_263' title='bbox 781 2295 882 2325; x_wconf 88' lang='lat' dir='ltr'><strong>hodie</strong></span> <span class='ocrx_word' id='word_1_264' title='bbox 904 2305 970 2324; x_wconf 86' lang='lat' dir='ltr'><strong>om.</strong></span> <span class='ocrx_word' id='word_1_265' title='bbox 997 2293 1030 2324; x_wconf 85' lang='lat' dir='ltr'><em>P</em></span> <span class='ocrx_word' id='word_1_266' title='bbox 1116 2295 1212 2324; x_wconf 76' lang='lat' dir='ltr'><strong>mites</strong></span> <span class='ocrx_word' id='word_1_267' title='bbox 1247 2294 1279 2324; x_wconf 88' lang='lat' dir='ltr'><em>P</em></span> <span class='ocrx_word' id='word_1_268' title='bbox 1300 2294 1342 2324; x_wconf 45' lang='grc' dir='ltr'><strong>ῚΤ</strong></span> <span class='ocrx_word' id='word_1_269' title='bbox 1363 2300 1423 2335; x_wconf 79' lang='lat' dir='ltr'><strong>pro</strong></span> <span class='ocrx_word' id='word_1_270' title='bbox 1449 2296 1489 2326; x_wconf 58' lang='lat' dir='ltr'><strong>Li</strong></span> 
     </span>
     <span class='ocr_line' id='line_1_36' title="bbox 159 2337 1494 2380; baseline -0.001 -10"><span class='ocrx_word' id='word_1_271' title='bbox 159 2348 221 2378; x_wconf 86' lang='lat'><strong>374</strong></span> <span class='ocrx_word' id='word_1_272' title='bbox 245 2349 373 2370; x_wconf 86' lang='lat' dir='ltr'><strong>summa</strong></span> <span class='ocrx_word' id='word_1_273' title='bbox 391 2339 438 2380; x_wconf 89' lang='lat' dir='ltr'><strong>ei]</strong></span> <span class='ocrx_word' id='word_1_274' title='bbox 457 2349 608 2369; x_wconf 85' lang='lat' dir='ltr'><strong>summae</strong></span> <span class='ocrx_word' id='word_1_275' title='bbox 625 2338 657 2369; x_wconf 90' lang='lat' dir='ltr'><em>P</em></span> <span class='ocrx_word' id='word_1_276' title='bbox 815 2347 879 2377; x_wconf 84' lang='lat'><strong>375</strong></span> <span class='ocrx_word' id='word_1_277' title='bbox 904 2339 935 2368; x_wconf 88' lang='lat' dir='ltr'><strong>id</strong></span> <span class='ocrx_word' id='word_1_278' title='bbox 954 2348 1021 2368; x_wconf 90' lang='lat' dir='ltr'><strong>non</strong></span> <span class='ocrx_word' id='word_1_279' title='bbox 1039 2337 1164 2378; x_wconf 69' lang='lat' dir='ltr'><strong>adfert]</strong></span> <span class='ocrx_word' id='word_1_280' title='bbox 1188 2339 1215 2367; x_wconf 91' lang='lat' dir='ltr'><strong>is</strong></span> <span class='ocrx_word' id='word_1_281' title='bbox 1233 2349 1299 2368; x_wconf 83' lang='lat' dir='ltr'><strong>non</strong></span> <span class='ocrx_word' id='word_1_282' title='bbox 1325 2340 1434 2370; x_wconf 86' lang='lat' dir='ltr'><strong>aderit</strong></span> <span class='ocrx_word' id='word_1_283' title='bbox 1460 2339 1494 2369; x_wconf 80' lang='lat' dir='ltr'><em>P</em></span> 
     </span>
     <span class='ocr_line' id='line_1_37' title="bbox 158 2381 1486 2423; baseline 0.002 -11"><span class='ocrx_word' id='word_1_284' title='bbox 158 2383 208 2412; x_wconf 78' lang='lat' dir='ltr'><strong>vel</strong></span> <span class='ocrx_word' id='word_1_285' title='bbox 221 2385 322 2422; x_wconf 90' lang='lat' dir='ltr'><strong>opino</strong></span> <span class='ocrx_word' id='word_1_286' title='bbox 426 2393 479 2413; x_wconf 87' lang='lat' dir='ltr'><strong>me</strong></span> <span class='ocrx_word' id='word_1_287' title='bbox 497 2394 561 2413; x_wconf 77' lang='lat' dir='ltr'><strong>ont.</strong></span> <span class='ocrx_word' id='word_1_288' title='bbox 583 2382 615 2411; x_wconf 85' lang='lat' dir='ltr'><em>P</em></span> <span class='ocrx_word' id='word_1_289' title='bbox 737 2383 801 2421; x_wconf 79' lang='lat'><strong>376</strong></span> <span class='ocrx_word' id='word_1_290' title='bbox 823 2392 923 2421; x_wconf 89' lang='lat' dir='ltr'><strong>quom</strong></span> <span class='ocrx_word' id='word_1_291' title='bbox 944 2381 976 2410; x_wconf 81' lang='lat' dir='ltr'><em>P</em></span> <span class='ocrx_word' id='word_1_292' title='bbox 1007 2381 1286 2420; x_wconf 75' lang='lat' dir='ltr'><strong>‹111t1&#39;q1mso›·111a)</strong></span> <span class='ocrx_word' id='word_1_293' title='bbox 1378 2383 1486 2423; x_wconf 83' lang='lat' dir='ltr'><strong>perdi-</strong></span> 
     </span>
    </p>
   </div>
   <div class='ocr_carea' id='block_1_6' title="bbox 158 2425 1399 2501">
    <p class='ocr_par' dir='ltr' id='par_1_7' title="bbox 158 2425 1399 2501">
     <span class='ocr_line' id='line_1_38' title="bbox 158 2425 1399 2501; baseline 0 -44"><span class='ocrx_word' id='word_1_294' title='bbox 158 2427 262 2457; x_wconf 81' lang='lat' dir='ltr'><strong>derim</strong></span> <span class='ocrx_word' id='word_1_295' title='bbox 292 2427 324 2457; x_wconf 85' lang='lat' dir='ltr'><em>P</em></span> <span class='ocrx_word' id='word_1_296' title='bbox 452 2437 514 2466; x_wconf 83' lang='lat'><strong>377</strong></span> <span class='ocrx_word' id='word_1_297' title='bbox 542 2427 606 2457; x_wconf 84' lang='lat' dir='ltr'><strong>hoc</strong></span> <span class='ocrx_word' id='word_1_298' title='bbox 623 2426 766 2456; x_wconf 80' lang='lat' dir='ltr'><strong>officium</strong></span> <span class='ocrx_word' id='word_1_299' title='bbox 785 2436 895 2457; x_wconf 86' lang='lat' dir='ltr'><strong>meum</strong></span> <span class='ocrx_word' id='word_1_300' title='bbox 914 2431 964 2456; x_wconf 83' lang='lat' dir='ltr'><strong>est</strong></span> <span class='ocrx_word' id='word_1_301' title='bbox 982 2425 1060 2464; x_wconf 76' lang='lat' dir='ltr'><strong>mihi</strong></span> <span class='ocrx_word' id='word_1_302' title='bbox 1079 2435 1180 2465; x_wconf 85' lang='lat' dir='ltr'><strong>opera</strong></span> <span class='ocrx_word' id='word_1_303' title='bbox 1197 2426 1222 2456; x_wconf 89' lang='lat' dir='ltr'><strong>si</strong></span> <span class='ocrx_word' id='word_1_304' title='bbox 1242 2428 1283 2457; x_wconf 81' lang='lat' dir='ltr'><strong>sit</strong></span> <span class='ocrx_word' id='word_1_305' title='bbox 1301 2427 1356 2501; x_wconf 74' lang='lat' dir='ltr'><strong>Al</strong></span> <span class='ocrx_word' id='word_1_306' title='bbox 1384 2472 1399 2490; x_wconf 61' lang='lat'>*</span> 
     </span>
     <span class='ocr_line' id='line_1_39' title="bbox 1361 2473 1381 2501; baseline 0 0"><span class='ocrx_word' id='word_1_307' title='bbox 1361 2473 1381 2501; x_wconf 83' lang='grc'>8</span> 
     </span>
    </p>
   </div>
  </div>
 </body>
</html>
