1747 2740
703 142 931 183 RVDENS
1402 144 1479 182 ΙΙΙ.
1500 145 1530 182 it

153 254 267 294 facite
287 255 351 294 hic
372 256 456 305 lege
478 254 607 305 potius
629 254 744 293 liceat
765 269 883 305 quam
906 254 945 293 ui
967 254 1073 293 uicto
1094 255 1238 294 uiuere.

151 319 293 359 currite
314 321 390 358 huc
412 319 450 358 in
468 319 632 358 Veneris
650 320 796 366 fanum,
816 327 988 358 nostram
1012 319 1150 358 iterum
1169 319 1336 369 imploro
1354 320 1485 366 fidem,

151 384 219 435 qui
240 398 362 435 prope
382 384 446 423 hic
467 384 612 424 adestis
634 384 782 434 quique
803 384 947 424 auditis
969 386 1182 423 clamorem
1204 398 1349 431 meum,

151 451 246 489 ferte
266 449 466 500 suppetias
487 449 554 500 qui
575 450 721 489 Veneri
743 450 1017 500 Veneriaeque
1037 449 1234 488 antistitae
1510 468 1549 490 10

63 519 128 563 625
150 529 258 554 more
278 515 443 566 antiquo
464 515 503 554 in
525 517 771 554 custodelam
793 529 907 554 suom
929 514 1212 554 commiserunt
1233 523 1362 566 caput,

149 588 424 631 praetorquete
445 580 607 620 iniuriae
629 581 725 631 priu'
746 583 893 620 collum
915 595 1035 631 quarn
1057 582 1107 619 ad
1129 595 1201 620 uos
1223 589 1421 631 peruenat.

151 647 228 683 DA.
260 645 357 696 quid
389 645 489 684 istuc
523 654 582 685 est
616 646 780 696 negoti?
836 648 913 684 TR.
945 660 1014 696 per
1048 660 1121 696 ego
1156 647 1254 685 haec
1289 660 1417 696 genua
1451 654 1489 685 te

1146 719 1332 761 optestor,
1356 725 1485 759 senex,

148 776 326 827 quisquis
358 779 533 816 es—DA.
567 776 663 828 quin
705 785 746 815 tu
788 791 880 828 ergo
921 777 1060 816 omitte
1086 791 1215 828 genua
1243 785 1281 816 et
1311 776 1407 827 quid
1438 777 1487 816 sit

1269 842 1322 880 mi
1343 841 1484 893 expedi

147 908 258 958 quod
280 909 504 946 tumultues.
564 909 639 945 ΤΚ.
674 915 792 957 teque
813 921 882 946 oro
903 915 941 946 et
962 921 1122 958 quaeso,
1145 907 1174 946 si
1198 921 1329 958 speras
1351 906 1421 946 tibi
1509 922 1544 954 15

58 977 129 1022 630
148 973 225 1011 hoc
245 987 351 1012 anno
372 974 540 1011 multum
562 974 735 1010 futurum
757 972 859 1023 sirpe
880 981 918 1011 et
938 972 1187 1023 laserpicium

147 1051 315 1088 eamque
336 1046 567 1076 euenturam
589 1051 802 1088 exagogam
825 1039 1005 1087 Capuam
1027 1039 1176 1076 saluam
1199 1045 1236 1076 et
1258 1037 1458 1088 sospitem,

145 1103 371 1153 atque—ab
392 1102 628 1153 lippitudine
650 1116 776 1153 usque
797 1101 951 1140 siccitas
972 1110 1014 1140 ut
1035 1102 1084 1140 sit
1104 1102 1243 1149 tibi,—

148 1170 223 1206 DA.
256 1182 382 1207 sanun
412 1170 483 1208 es?
539 1170 615 1207 TR.
648 1182 717 1207 seu
748 1168 819 1206 tibi
849 1168 1017 1207 confidis
1048 1170 1129 1207 fore
1161 1170 1325 1207 multam
1356 1183 1483 1220 magy-

1343 1234 1483 1283 darim,

145 1307 186 1338 ut
207 1307 244 1338 te
266 1313 315 1339 ne
335 1299 465 1350 pigeat
486 1301 579 1339 dare
599 1313 760 1350 operam
783 1299 878 1337 mihi
900 1300 1009 1350 quod
1031 1307 1068 1338 te
1089 1300 1223 1347 orabo,
1246 1313 1375 1339 senex.
1504 1316 1543 1338 20

57 1369 122 1414 635
147 1367 222 1403 DA.
254 1372 293 1404 at
314 1379 387 1415 ego
408 1373 446 1404 te
467 1379 536 1415 per
555 1379 667 1404 crura
687 1373 725 1404 et
746 1366 846 1403 talos
867 1372 1100 1415 tergumque
1121 1373 1296 1415 optestor
1317 1373 1438 1414 tuom,

144 1439 186 1469 ut
207 1431 277 1470 tibi
298 1433 470 1470 ulmeam
492 1432 654 1470 uberem
677 1445 762 1470 esse
783 1444 914 1481 speres
936 1431 1208 1482 uirgidemiam

142 1504 182 1535 et
202 1496 272 1535 tibi
293 1505 524 1536 euenturam
545 1498 623 1535 hoc
642 1510 749 1535 anno
770 1497 933 1535 uberem
955 1510 1124 1535 messem
1147 1496 1249 1535 mali.

142 1569 185 1600 ut
206 1561 259 1600 mi
280 1561 379 1601 istuc
400 1562 508 1601 dicas
530 1562 663 1612 negoti
684 1562 781 1612 quid
802 1562 850 1600 sit
871 1563 980 1612 quod
1002 1563 1227 1601 tumultues.

142 1629 176 1666 T
181 1640 219 1667 R.
241 1627 309 1678 qui
322 1628 431 1667 lubet
448 1628 707 1666 maledicere?
727 1627 912 1677 equidem
928 1627 997 1665 tibi
1013 1627 1117 1665 bona
1134 1627 1317 1678 exoptaui
1331 1627 1475 1667 omnia.
1500 1646 1540 1678 25

53 1697 124 1741 640
145 1695 220 1731 DA.
252 1694 355 1732 bene
376 1693 561 1743 equidem
580 1693 650 1731 tibi
667 1692 768 1739 dico,
789 1692 856 1743 qui
877 1700 915 1731 te
931 1692 1050 1743 digna
1067 1701 1108 1730 ut
1125 1692 1316 1731 eueniant
1327 1707 1474 1743 precor.

141 1759 217 1796 TR.
249 1771 426 1809 opsecro,
460 1759 536 1797 hoc
571 1765 820 1808 praeuortere
855 1771 957 1808 erg0.
1034 1759 1109 1795 DA.
1142 1757 1239 1808 quid
1278 1758 1478 1808 negotist?

1184 1824 1260 1860 TR.
1294 1823 1476 1863 mulieres

139 1889 242 1927 duae
262 1888 494 1927 innocentes
516 1888 620 1928 intus
641 1888 705 1927 hic
726 1897 830 1937 sunt,
852 1888 907 1927 tui
928 1888 1150 1940 indigentes
1171 1888 1299 1936 auxili,

139 1953 283 2004 quibus
303 1955 517 1992 aduorsum
539 1954 598 1993 ius
619 1956 804 2005 legesque
825 1954 1008 2005 insignite
1029 1953 1168 1992 iniuria
1188 1953 1252 1992 hic

140 2021 241 2058 sacta
262 2027 319 2058 est
340 2020 462 2070 fitque
483 2019 522 2058 in
543 2020 708 2059 Veneris
729 2022 820 2058 fano
836 2035 846 2068 ,-
875 2028 958 2058 tum
980 2020 1164 2058 sacerdos
1184 2019 1355 2058 Veneria
1492 2033 1534 2065 30

53 2085 118 2131 645
139 2083 300 2135 indigne
320 2085 551 2124 adflictatur.
614 2087 689 2123 DA.
723 2085 810 2136 quis
831 2086 953 2124 homo
974 2093 1032 2124 est
1054 2093 1161 2123 tanta
1182 2085 1425 2124 confidentia

182 2190 246 2228 625
270 2190 455 2221 custodiam
483 2189 548 2222 cod.
580 2190 630 2230 (cs.
665 2190 712 2220 ad
735 2189 831 2221 Mcrc.
860 2191 938 2230 2335
1104 2191 1170 2221 626
1195 2191 1372 2230 perueniat
1404 2190 1469 2222 cod.

138 2233 204 2272 629
227 2234 308 2272 quid
329 2232 394 2264 cod.
417 2237 452 2264 11!
475 2233 537 2265 vid.
671 2236 734 2273 636
758 2235 902 2265 ulmeam
928 2233 1002 2265 Ital.
1021 2246 1028 2265 τ
1057 2235 1202 2264 uimcam
1228 2234 1300 2274 (sed
1320 2244 1469 2266 umerum

140 2281 176 2307 nt
197 2277 260 2308 vid.
280 2276 322 2317 T)
349 2276 414 2307 cod.
528 2277 582 2307 ubi
608 2287 677 2308 rem
703 2282 740 2308 ut
761 2278 825 2309 vid.
853 2278 918 2309 cod.
941 2279 1031 2309 (corr,
1048 2277 1137 2317 pen)
1251 2289 1371 2318 speras
1395 2279 1471 2308 Aci-

139 2320 248 2350 aalz'us
409 2322 471 2360 637
498 2325 697 2352 euenturam
724 2322 787 2351 hoc
808 2332 897 2352 anno
923 2321 977 2361 'B)
996 2321 1046 2352 vrl
1069 2323 1134 2352 lioc
1156 2332 1247 2352 anno
1270 2328 1469 2353 euenturam

141 2362 245 2411 (ΒΦ)
270 2363 335 2395 cod.
539 2366 604 2404 639
629 2366 745 2405 optaui
774 2364 919 2403 Gnatus,
945 2367 998 2396 cm'
1020 2366 1078 2396 tibi
1105 2366 1192 2397 bona
1219 2367 1380 2405 exoptaui
1405 2366 1468 2396 dis-

135 2412 226 2447 pacet
