1747 2740
718 158 895 199 PERSA
1406 159 1478 199 IV.
1496 169 1528 199 v

141 272 215 311 To.
247 272 368 311 audin
390 280 441 319 tu,
466 272 613 311 Persa?
642 272 709 310 ubi
730 279 933 322 argentum
955 271 1006 310 ab
1026 272 1103 310 hoc
1123 270 1333 321 acceperis,

141 336 325 376 simulato
345 336 456 387 quasi
477 351 542 375 eas
563 350 721 387 prosum
745 336 783 374 in
806 350 960 375 nauem.
1021 338 1113 375 SAG.
1146 351 1195 375 ne
1216 337 1327 376 doce.
1493 345 1512 378 5

141 404 215 441 ΤΟ.
248 417 317 453 per
335 402 584 452 angiportum
606 415 738 440 rusum
761 409 799 440 te
819 403 870 440 ad
892 416 955 440 me
976 401 1139 452 recipito

141 466 229 505 illac
250 481 318 517 per
338 468 508 505 hortum.
567 469 660 505 SAG.
692 467 801 517 quod
823 468 997 505 futurum
1019 474 1077 506 est
1098 467 1311 517 praedicas.

52 534 122 570 680
141 533 214 569 To.
247 539 285 569 at
307 546 355 570 ne
376 545 467 570 cum
488 540 650 582 argento
671 531 867 582 protinam
889 531 1090 582 permittas
1112 533 1289 579 domum,

140 609 296 643 moneo,
320 604 367 634 te.
426 598 518 635 SAG.
551 598 660 647 quod
681 605 719 635 te
739 596 951 647 dignumst,
976 610 1038 635 me
1060 597 1223 647 dignum
1245 611 1330 636 esse
1351 597 1441 637 uis?

136 663 211 700 To.
244 670 340 709 tace,
363 663 479 713 parce
499 662 612 701 uoci:
643 664 788 714 praeda
809 662 1053 714 progreditur
1073 664 1184 702 foras.
1494 681 1532 703 10

236 830 544 868 DORDALvs
655 831 994 870 SAGARlsTio
1114 831 1367 868 Toxirvs
1490 825 1536 862 Vi

135 919 212 956 Do.
246 917 399 956 Probae
421 917 484 956 hic
504 918 652 967 argenti
673 926 765 956 sunt
786 919 985 969 sexaginta
1007 920 1146 965 minae,

133 983 292 1021 duobus
312 982 486 1021 nummis
508 983 637 1022 minus
658 991 726 1022 est.
787 987 880 1023 SAG.
912 984 1008 1034 quid
1030 984 1065 1022 ei
1087 984 1239 1022 nummi
1261 984 1419 1023 sciunt?

47 1048 113 1094 685
136 1049 212 1086 Do.
246 1047 463 1086 cruminam
485 1049 588 1087 hanc
609 1063 738 1088 emere
758 1057 824 1087 aut
847 1051 971 1088 facere
992 1049 1047 1087 uti
1070 1049 1250 1100 remigret
1271 1051 1447 1090 domum.

133 1114 226 1151 SAG.
259 1127 309 1152 ne
330 1127 410 1152 non
431 1121 490 1152 sat
511 1127 615 1153 esses
636 1115 741 1162 leno,
762 1114 801 1153 id
824 1115 1028 1153 metuebas
1050 1115 1176 1163 miser,

132 1177 282 1229 inpure,
305 1193 432 1226 auare,
455 1193 505 1218 ne
525 1179 742 1218 crumillam
764 1179 992 1219 amitteres?
1490 1197 1507 1228 5

132 1245 206 1282 To.
239 1244 335 1292 sinc,
357 1258 517 1295 quaeso.
576 1246 737 1295 quando
758 1246 898 1292 lenost,
921 1244 1017 1283 nihil
1040 1244 1180 1283 mirum
1202 1245 1304 1284 facit.

134 1311 211 1348 Do.
244 1311 354 1349 lucro
374 1310 561 1349 faciundo
582 1325 655 1361 ego
671 1310 877 1361 'auspicaui
898 1309 938 1348 in
960 1311 1066 1349 hunc
1087 1310 1193 1349 diem
1212 1325 1219 1349 :

44 1379 114 1423 690
132 1374 186 1413 nil
209 1374 304 1414 mihi
326 1383 405 1414 tarn
428 1375 575 1426 paruist
595 1375 690 1426 quin
712 1389 775 1414 me
796 1375 836 1415 id
857 1375 986 1426 pigeat
1007 1376 1181 1426 perdere.

130 1453 212 1490 age,
235 1440 371 1492 accipe
392 1442 469 1480 hoc
489 1441 551 1479 sis.
611 1442 704 1480 SAG.
735 1442 840 1479 hunc
862 1440 901 1479 in
923 1442 1081 1489 collum,
1105 1441 1178 1480 nisi
1200 1441 1316 1492 piget,

130 1504 301 1556 impone.
364 1508 441 1545 Do.
474 1520 569 1545 uero
590 1507 667 1544 fiat.
727 1507 819 1545 SAG.
853 1506 1048 1556 numquid
1070 1514 1242 1545 ceterum
1487 1519 1526 1543 10

130 1584 193 1609 me
214 1571 360 1610 uoltis?
412 1573 486 1610 To.
519 1572 615 1622 quid
638 1580 716 1610 tam
738 1574 953 1622 properas?
1001 1574 1096 1611 SAG.
1127 1572 1180 1611 ita
1201 1572 1465 1623 negotiumst:

131 1638 340 1676 mandatae
360 1651 462 1688 quae
483 1646 584 1685 sunt,
608 1639 700 1677 uolo
722 1639 871 1676 deferre
892 1637 1077 1688 epistulas
1093 1652 1102 1686 3

40 1705 107 1750 695
128 1702 331 1752 geminum
351 1711 484 1742 autem
505 1705 661 1742 fratrem
682 1703 825 1742 seruire
845 1702 980 1741 audiui
1001 1703 1064 1742 hic
1087 1717 1230 1751 meum,

128 1780 219 1806 eum
241 1782 314 1818 ego
336 1777 377 1807 ut
399 1769 592 1819 requiram
620 1768 624 1821 Ι
650 1776 768 1819 atque
790 1768 845 1807 uti
866 1768 1057 1807 redimam
1079 1771 1182 1808 uolo.

127 1834 201 1871 To.
233 1841 353 1884 atque
373 1835 516 1885 edepol
538 1843 579 1873 tu
601 1848 664 1873 me
685 1833 966 1873 commonuisti
992 1833 997 1886 Ι
1024 1835 1101 1873 hau
1124 1836 1235 1875 male.
1483 1848 1520 1882 15

127 1898 266 1939 uideor
286 1900 432 1939 uidisse
453 1900 517 1939 hic
538 1902 662 1940 forma
682 1899 919 1951 persimilem
942 1899 1009 1947 tui,

127 1965 267 2003 eadem
290 1973 444 2004 statura.
505 1967 598 2004 SAG.
630 1965 777 2016 quippe
798 1964 866 2016 qui
887 1966 1002 2004 frater
1022 1965 1107 2004 siet.

39 2035 108 2070 700
129 2014 208 2068 Do.
238 2030 336 2080 quid
357 2039 414 2069 est
436 2030 505 2070 tibi
527 2032 704 2070 nomen?
750 2032 826 2069 To.
887 2043 905 2063 *
964 2032 1072 2081 quod
1094 2032 1144 2070 ad
1167 2039 1203 2071 te
1224 2031 1376 2071 attinet.

169 2135 234 2173 676
259 2135 315 2174 (ab
341 2135 403 2166 hoc
428 2135 624 2175 ar)gentum
649 2134 681 2166 A
860 2137 926 2174 679
948 2146 1016 2175 quo
1037 2136 1069 2166 P
1242 2137 1306 2167 682
1332 2147 1416 2168 uoce
1433 2137 1467 2169 Ρ

128 2177 206 2217 (pro
223 2188 308 2209 -cem
323 2179 372 2210 vcl
388 2179 473 2216 -cci;
497 2180 546 2210 vel
560 2180 596 2219 cs.
615 2180 634 2211 i.
656 2179 709 2218 10)
820 2180 883 2218 684
909 2179 957 2209 vel
980 2181 1105 2210 minust
1204 2181 1269 2219 685
1293 2179 1402 2223 (huc)
1427 2187 1463 2212 ut

126 2223 178 2257 (ut
195 2221 302 2262 codd.)
322 2221 463 2253 Mueller
476 2223 609 2259 (le'n.
630 2222 719 2253 Mus.
739 2231 791 2261 54,
806 2226 886 2262 527)
975 2225 1038 2262 687
1066 2223 1253 2255 cruminam
1266 2223 1299 2254 P
1383 2227 1459 2265 691,

125 2266 190 2304 692
213 2276 276 2305 age
298 2267 414 2306 accipe
433 2267 472 2306 (-i
497 2267 543 2303 Β)
562 2267 624 2298 hoc
649 2267 696 2298 sis
722 2267 873 2305 nunquid
900 2272 1048 2297 ceterum
1075 2267 1176 2297 Hunc
1199 2268 1232 2298 in
1252 2268 1377 2299 collum
1396 2269 1460 2299 nisi

126 2311 220 2347 piget
244 2310 380 2350 impone
407 2321 490 2341 uero
516 2311 573 2341 fiat
597 2310 630 2341 P
651 2311 699 2348 (ii.
725 2311 761 2346 6)
943 2312 1007 2349 692
1040 2311 1117 2350 imp.
1151 2321 1241 2343 uere.
1313 2311 1376 2343 Do.
1406 2313 1460 2343 fiat

125 2351 210 2382 Brix
343 2356 408 2393 696
432 2354 516 2384 Tum
542 2354 574 2385 P
600 2354 642 2394 (T
660 2360 722 2394 pro
747 2353 789 2391 E)
923 2356 986 2392 697
1013 2353 1148 2396 (nunc)
1172 2365 1256 2386 com.
1279 2355 1460 2386 Hermann

125 2404 190 2433 700
207 2407 273 2428 om.
292 2397 325 2427 P
338 2399 484 2438 (propter
498 2399 735 2434 ltomoeoarch.)
828 2396 916 2435 Quid
936 2397 1019 2428 Bn'x
1037 2410 1043 2428 :
1068 2397 1168 2437 Quod
1187 2399 1252 2430 cod.
1273 2400 1344 2439 (vix
1360 2400 1460 2430 Flau-

124 2439 250 2479 tinnm)
340 2441 519 2484 (sciscita>
537 2441 601 2471 Leo

169 2494 287 2516 PLAVT.
310 2495 334 2516 11
1332 2488 1371 2517 12
