1747 2740
767 158 994 196 RVDENS
1475 160 1543 197 IV.
1567 159 1611 197 iv

209 269 285 308 filia
308 284 405 316 mea,
429 271 547 308 salue.
607 283 680 320 ego
702 269 732 308 is
754 283 840 307 sum
863 270 930 320 qui
952 278 990 308 te
1011 270 1177 320 produxi
1199 278 1319 320 pater,

208 349 282 385 ego
302 348 389 373 sum
414 337 641 373 Daemones
663 342 700 372 et
723 342 846 373 mater
866 343 933 373 tua
953 348 1088 373 eccam
1111 335 1174 373 hic
1196 336 1300 374 intus
1321 336 1518 375 Daedalis.
1573 353 1631 383 130

101 411 188 449 1175
210 402 279 438 ΡΑ.
311 401 429 447 salue,
453 400 506 438 mi
528 407 637 450 pater
658 399 867 450 insperate.
930 402 1006 439 DA.
1039 402 1158 439 salue.
1209 410 1251 439 ut
1273 410 1310 440 te
1331 403 1549 452 amplector

1383 467 1523 506 lubens
1541 470 1547 506 l

204 532 280 569 ΤΚ.
314 532 435 580 uolup
456 538 514 569 est
535 543 658 580 quom
679 530 779 569 istuc
801 544 847 569 ex
868 530 1014 581 pietate
1035 538 1167 570 nostra
1187 531 1303 571 uobis
1323 532 1499 583 contigit.

206 597 282 634 DA.
306 597 514 646 capedum,
530 597 636 633 hunc
653 595 684 634 si
699 604 811 646 potes
829 597 884 635 fer
898 596 1000 635 intro
1014 596 1210 645 nidulum,
1223 611 1305 648 age,
1321 597 1543 636 Trachalio.

203 662 280 700 TR.
313 674 405 700 0000
428 661 539 712 Gripi
560 663 730 700 scelera!
761 675 885 712 quom
906 661 1027 701 istaec
1048 675 1108 701 res
1129 664 1231 701 male
1252 663 1386 702 euenit
1408 663 1488 710 tibi,

203 726 335 776 Gripe,
354 728 535 776 gratulor.
570 728 646 765 DA.
670 740 741 777 age
757 740 905 775 eamus,
922 741 1010 766 mea
1024 735 1154 778 gnata,
1168 729 1220 767 ad
1241 736 1406 767 matrem
1423 736 1545 777 tuam,
1571 743 1628 775 135

95 795 183 829 1180
201 805 304 842 quae
324 805 371 831 ex
391 800 429 831 te
450 792 592 843 poterit
612 792 854 843 argumentis
875 794 977 831 hanc
999 806 1081 832 rem
1103 793 1226 843 magis
1248 793 1460 844 exquirere,

200 871 303 908 quae
323 866 361 896 te
382 858 496 908 magi'
517 858 699 896 tractauit
721 858 917 908 magi'que
938 858 1048 908 signa
1069 858 1252 908 pernouit
1273 866 1407 898 tua.—

201 925 270 962 ΡΑ.
303 923 406 962 intro
428 937 564 962 eamus
585 937 736 970 omnes,
760 925 923 974 quando
945 924 1105 974 operam
1127 923 1366 973 promiscam
1388 926 1541 964 damus.

200 1003 365 1041 sequere
386 1003 460 1037 me,
485 989 866 1040 Ampelisca—AM.
899 1003 1022 1040 quom
1050 997 1088 1029 te
1110 991 1152 1028 di
1177 999 1313 1029 amant
1347 991 1542 1041 uoluptati

1297 1064 1355 1095 est
1377 1056 1543 1095 mihi.—

200 1123 278 1161 GR.
311 1135 451 1160 sumne
471 1135 544 1172 ego
566 1123 753 1160 scelestus
775 1121 841 1171 qui
862 1121 983 1159 illunc
1004 1121 1125 1160 hodie
1145 1121 1281 1172 excepi
1303 1121 1514 1161 uidulum?
1564 1136 1625 1169 140

91 1193 176 1237 1185
198 1196 266 1226 aut
286 1201 408 1238 quom
430 1187 577 1237 excepi,
601 1187 668 1238 qui
690 1201 771 1226 non
793 1187 939 1226 alicubi
960 1186 999 1225 in
1021 1189 1107 1226 solo
1127 1187 1295 1237 apstrusi
1317 1189 1436 1226 loco?

197 1254 409 1292 credebam
430 1255 574 1303 edepol
595 1253 862 1291 turbulentam
884 1253 1071 1303 praedam
1093 1259 1325 1291 euenturam
1349 1252 1458 1301 mihi,

196 1319 289 1370 quia
310 1319 374 1357 illa
395 1318 491 1356 1111111
513 1326 593 1357 tam
615 1318 842 1356 turbulenta
862 1325 1099 1368 tempestate
1120 1325 1317 1357 euenerat.

197 1386 316 1423 credo
337 1386 480 1435 edepol
501 1397 574 1434 ego
596 1384 673 1422 11110
694 1383 822 1422 inesse
842 1383 992 1434 argenti
1014 1392 1051 1422 et
1071 1383 1154 1422 auri
1176 1384 1340 1434 largiter.

197 1451 293 1501 quid
322 1451 479 1489 meliust
507 1463 626 1500 quam
655 1457 697 1488 ut
724 1449 816 1488 hinc
838 1449 940 1488 intro
967 1450 1109 1488 abeam
1137 1458 1175 1488 et
1203 1464 1266 1488 me
1293 1452 1535 1501 suspendam
1560 1465 1619 1498 ¹45

1296 1518 1533 1564 clanculum,

88 1592 177 1628 1190
196 1583 335 1621 saltem
356 1581 545 1632 tantisper
565 1582 661 1620 dum
683 1582 871 1631 apscedat
892 1582 991 1620 haec
1011 1594 1033 1619 a
1055 1595 1118 1619 me
1137 1581 1409 1632 aegrimonia?

706 1693 1022 1730 DAEMONES
1554 1706 1584 1731 v

302 1777 378 1813 Pro
399 1774 439 1813 di
461 1774 688 1813 inmortales
707 1777 713 1812 !
744 1773 831 1824 quis
853 1787 916 1812 me
938 1782 995 1812 est
1017 1773 1261 1820 fortunatior,

299 1840 366 1891 qui
389 1854 434 1879 ex
456 1839 658 1890 inprouiso
679 1838 799 1877 filiam
821 1838 957 1878 inueni
979 1841 1138 1877 meam?

299 1906 400 1944 satin
423 1907 454 1943 si
475 1905 583 1955 quoii
604 1904 756 1943 homini
777 1905 818 1943 di
840 1918 925 1943 esse
946 1905 1048 1943 bene
1069 1906 1217 1943 factum
1240 1906 1390 1952 uolunt,

299 1971 434 2021 aliquo
455 1970 551 2009 illud
572 1977 689 2020 pacto
710 1969 879 2020 optingit
899 1978 1079 2020 optatum
1102 1970 1205 2020 piis?

85 2049 169 2087 ¹195
300 2050 374 2086 ego
400 2035 405 2087 1
431 2035 551 2074 hodie
572 2049 701 2085 neque
722 2034 875 2085 speraui
897 2048 1028 2085 neque
1049 2034 1222 2073 credidi:
1552 2054 1569 2086 5

240 2149 319 2179 1173
344 2138 437 2169 salue
451 2149 524 2169 mea
537 2137 610 2168 pet>
747 2148 828 2176 1174
853 2149 933 2169 ecca
949 2137 1014 2169 cod.
1035 2149 1042 2168 ε
1065 2149 1142 2169 corr.
1158 2138 1332 2169 Fleckcz'sen
1424 2139 1529 2170 intust

192 2183 333 2225 Langen
492 2192 571 2221 1177
607 2182 720 2212 uidum
755 2181 831 2212 ΡΟ)
978 2182 1055 2212 1181
1094 2182 1142 2212 vel
1169 2192 1288 2221 mage.
1312 2207 1318 2214 .
1339 2209 1344 2214 ,
1363 2193 1529 2222 mageque

196 2229 275 2258 1182
291 2227 340 2258 vel
348 2226 412 2256 ΤΚ,
478 2236 594 2256 eamus
607 2226 694 2256 intro
704 2225 786 2258 cod.:
806 2226 878 2256 trai.
895 2225 975 2256 Reiz
1038 2227 1173 2264 quando
1184 2224 1346 2268 (omnes)
1357 2227 1530 2257 Acidalins

191 2276 269 2302 ante
284 2281 422 2311 operam
440 2281 459 2308 4
477 2269 596 2300 litterae
612 2270 728 2309 (damu
743 2272 771 2304 3‘,
789 2273 900 2310 etpost
910 2270 1030 2300 damus
1041 2280 1060 2308 3
1072 2270 1191 2300 litterae
1201 2280 1310 2300 erasae
1323 2270 1354 2299 Β
1446 2280 1458 2300 1
1468 2271 1525 2308 184

193 2325 258 2353 ego
273 2314 418 2356 (horno)
436 2314 609 2344 Fleckeisen
701 2314 778 2344 illuc
795 2313 862 2346 cod.
1000 2315 1079 2352 1187
1106 2318 1172 2343 tam
1190 2324 1256 2346 om.
1276 2313 1352 2343 ΡΠ)
1444 2325 1455 2344 1
1467 2314 1527 2344 188

192 2359 265 2389 auri
282 2364 315 2390 et
331 2358 462 2398 argenti
482 2358 554 2387 ΡΠ)
714 2367 794 2396 1193
818 2358 873 2387 dei
892 2367 969 2387 esse
986 2356 1058 2388 Ital.
1079 2369 1085 2387 z
1117 2357 1250 2388 delesse
1268 2357 1333 2389 cod.
1448 2358 1526 2389 uolo

191 2402 258 2434 cod.
276 2414 283 2433 :
307 2413 385 2433 corr.
407 2401 502 2432 Valla
637 2411 719 2440 1195
743 2404 799 2431 vix
815 2401 915 2432 hodie
997 2400 1088 2443 <ni1>
1109 2411 1220 2440 neque
1244 2401 1400 2441 Scyffert:
1424 2400 1526 2445 (qui)

193 2456 303 2487 neque
320 2445 563 2478 sonnenschein
579 2457 584 2475 z
610 2447 664 2476 vix
680 2455 733 2475 me
751 2445 806 2487 qui
911 2444 1036 2488 (illud)
1054 2445 1182 2476 credidi
1199 2444 1301 2476 Bothe
