1747 2740
164 146 220 185 ΙΙ.
243 146 290 184 vi
659 145 705 182 T.
741 143 921 183 MACCI
953 142 1159 180 PLAVTI

187 271 229 301 50
247 256 344 308 quid
365 255 420 295 illi
436 271 482 296 ex
498 263 610 295 utero
631 255 787 294 exitiost
803 254 900 305 priu'
914 268 1032 305 quarn
1055 260 1208 305 poterat
1229 252 1283 292 ire
1303 252 1342 291 in
1365 251 1590 304 proelium?

247 324 316 361 As.
348 335 592 372 consequere
613 329 732 371 atque
753 320 859 358 illam
880 321 1006 358 saluta
1032 327 1071 358 et
1099 320 1292 370 gratulare
1313 317 1379 357 illi.
1438 320 1587 357 STRAT.

1432 397 1588 434 sequor.

246 454 320 491 PH.
354 451 422 491 ubi
442 452 517 499 illa,
542 452 720 502 opsecro,
742 459 800 490 est
827 465 928 502 quae
959 464 1023 490 me
1046 450 1111 489 hic
1132 449 1300 501 reliquit,
1323 462 1442 501 eapse
1461 448 1591 488 abiit?

1452 513 1558 553 ubist
1573 516 1590 554 ?

245 585 314 622 As.
346 584 499 630 adsum,
515 583 674 622 adduco
691 582 762 622 tibi
783 590 1011 633 exoptatum
1033 582 1352 633 Stratophanem.
1412 582 1487 619 PH.
1519 579 1589 619 ubi

1244 646 1277 686 is
1297 653 1367 694 est,
1390 647 1589 697 opsecro?

246 717 394 755 STRAT.
428 716 537 753 Mars
569 728 728 765 peregre
757 713 976 753 adueniens
1006 715 1149 753 salutat
1179 712 1394 752 Nerienem
1424 725 1585 750 uxorem
1607 727 1672 765 515

1461 790 1583 816 suam.

185 861 224 893 35
246 860 369 897 quom
390 854 432 885 tu
453 854 558 885 recte
578 845 796 897 prouenisti
817 859 1021 897 quomque
1042 859 1082 884 es
1102 852 1219 884 aucta
1237 842 1381 891 liberis,

246 913 427 962 gratulor,
451 925 574 962 quom
596 910 692 949 mihi
713 911 865 961 tibique
886 924 1075 961 magnum
1095 909 1282 962 peperisti
1302 910 1435 949 decus.

249 979 322 1015 ΡΗ.
354 978 473 1024 salue,
496 976 563 1027 qui
585 990 649 1015 me
669 976 898 1015 interfecisti
918 990 1046 1027 paene
1065 975 1147 1014 uita
1166 983 1205 1015 et
1224 974 1375 1014 lumine

245 1042 461 1093 †quiquem
482 1042 561 1082 ibi†
583 1041 715 1093 magni
735 1042 883 1081 doloris
905 1055 973 1092 per
993 1042 1240 1091 uoluptatem
1260 1048 1369 1079 tuam

246 1107 460 1147 condidisti
481 1107 521 1146 in
543 1121 696 1158 corpus,
720 1121 801 1158 quo
821 1121 929 1145 nunc
950 1106 1068 1146 etiam
1089 1106 1230 1144 morbo
1251 1105 1393 1144 misera
1412 1119 1511 1144 sum.
1608 1117 1677 1154 520

183 1187 227 1219 40
247 1175 394 1214 STRAT.
427 1173 543 1212 heia!
578 1174 686 1213 haud
715 1173 766 1212 ab
795 1187 847 1221 re,
871 1186 959 1212 mea
988 1173 1183 1223 uoluptas,
1206 1170 1277 1210 tibi
1307 1170 1394 1210 istic
1423 1170 1588 1210 obuenit

1449 1236 1561 1275 labos
1580 1251 1587 1274 :

246 1304 370 1344 filiun]
392 1304 587 1356 peperisti,
611 1304 678 1355 qui
699 1304 808 1344 aedis
830 1303 964 1355 spoliis
986 1302 1164 1355 opplebit
1184 1310 1282 1342 tuas.

247 1372 322 1409 PH.
353 1372 478 1409 multo
499 1378 652 1409 ecastor
672 1370 795 1421 magis
816 1369 985 1421 oppletis
1007 1368 1122 1408 tritici
1143 1377 1260 1420 opust
1279 1368 1476 1419 granariis,

247 1451 307 1484 ne,
331 1435 394 1475 ille
415 1435 511 1486 priu'
532 1450 651 1486 quam
673 1435 799 1487 spolia
818 1436 957 1486 capiat,
980 1435 1073 1474 hinc
1094 1449 1166 1474 nos
1187 1434 1349 1474 extinxit
1368 1436 1502 1473 fames.

249 1505 399 1543 STRAT.
431 1503 535 1542 habe
558 1503 708 1542 bonum
730 1502 919 1541 animum.
981 1504 1056 1540 PH.
1080 1501 1235 1541 sauium
1256 1501 1308 1540 sis
1328 1507 1469 1553 †pete†
1493 1500 1586 1540 hinc
1606 1512 1671 1549 525

1132 1569 1236 1606 —ah
1256 1570 1263 1606 1
1293 1581 1450 1618 nequeo
1469 1575 1587 1618 eaput

186 1645 226 1678 45
250 1635 395 1681 tollere,
418 1634 472 1672 ita
492 1635 600 1673 dolet
621 1633 754 1684 itaque
775 1647 848 1685 ego
870 1634 1092 1680 †medulo†‚
1116 1646 1247 1683 neque
1267 1632 1385 1671 etiam
1406 1646 1510 1683 queo

247 1699 416 1751 pedibus
447 1713 535 1738 mea
568 1708 710 1750 sponte
744 1700 957 1738 ambulare.
1028 1701 1176 1738 STRAT.
1209 1698 1240 1737 si
1275 1699 1406 1737 hercle
1438 1712 1501 1737 me
1539 1712 1586 1737 ex

1334 1763 1468 1803 medio
1489 1763 1585 1802 mari

291 1880 353 1909 512
378 1869 538 1909 gratulari
556 1869 621 1900 cod.
759 1880 823 1910 513
848 1870 897 1901 τε]
914 1870 1008 1901 illaec
1081 1875 1132 1901 est
1152 1870 1296 1902 obsecro
1313 1868 1418 1901 Bothe
1483 1867 1587 1911 ab(iit

248 1913 356 1955 ub)ist
374 1914 457 1944 Lco:
494 1914 591 1944 abisti
608 1913 675 1945 cod.
804 1924 866 1954 514
891 1915 1021 1945 adduco
1038 1913 1113 1945 Ital.
1130 1925 1137 1944 t
1168 1914 1299 1945 adduce
1320 1913 1388 1945 cod.
1479 1918 1587 1944 strato

248 1968 334 1997 panc
353 1957 476 1988 nubilis
494 1962 545 1988 est
563 1957 627 1988 cod.
644 1970 650 1989 :
677 1968 756 1990 corr.
777 1957 849 1988 Ital.
925 1967 990 1997 515
1015 1967 1180 1988 uoxorem
1198 1957 1231 1988 Β
1247 1958 1326 1998 (pro
1343 1957 1437 1988 nex-N
1523 1958 1587 1996 516

247 2011 345 2040 quam
362 2012 427 2040 qua
445 2012 482 2031 es
498 2001 564 2032 cod.
656 2011 718 2041 517
745 2002 907 2042 peperisti
926 2001 1055 2032 Merula
1072 2013 1078 2031 ε
1104 2001 1225 2032 deristi
1243 2001 1307 2032 cod.
1326 2012 1333 2031 ε
1357 2002 1413 2032 vix
1426 2000 1585 2032 decoristi

248 2045 311 2083 518
336 2045 404 2075 uita
431 2045 666 2076 Canwrarius:
701 2046 769 2087 [ut]
796 2046 864 2076 ulta
892 2045 958 2075 cod.
981 2047 1037 2083 giv.
1063 2045 1098 2084 3)
1119 2056 1126 2075 ε
1159 2050 1193 2076 et
1219 2045 1286 2076 uita
1310 2044 1385 2075 Ital.
1521 2054 1587 2084 519

249 2088 383 2127 uimque
414 2088 496 2119 mihi
523 2088 718 2119 Buecheler:
753 2090 875 2128 quique
909 2089 986 2119 mihi
1014 2097 1172 2129 [magnos
1201 2088 1351 2126 dolores)
1377 2088 1452 2119 Ital.
1471 2099 1477 2118 :
1500 2088 1582 2128 fort.

247 2133 336 2170 quiq*
353 2132 396 2162 mi
414 2133 481 2163 uim
572 2143 631 2172 521
659 2132 742 2164 Cela
756 2133 796 2163 ad
811 2134 852 2163 ob
872 2143 942 2163 rem
956 2131 1020 2163 cod.
1040 2144 1046 2163 :
1070 2143 1150 2165 corr.
1165 2132 1377 2163 Camerarius
1446 2131 1585 2162 obuenit

247 2175 341 2206 labos
356 2177 439 2207 istec
453 2175 522 2207 cod.
538 2188 545 2207 z
571 2177 643 2207 tras.
666 2176 791 2207 Gor-Ilm·
899 2186 962 2215 5:22
988 2176 1139 2216 oppleuit
1156 2175 1221 2207 cod.
1243 2178 1275 2213 (i.
1290 2187 1313 2206 e.
1332 2176 1410 2213 -bit)
1519 2185 1585 2215 523

246 2229 334 2258 opus
367 2225 418 2250 est
451 2221 554 2250 tritici
585 2220 651 2251 cod.
666 2232 672 2252 t
713 2220 785 2250 tras.
822 2219 925 2250 Bothe
1025 2220 1171 2259 granarii
1204 2219 1280 2250 pet>
1427 2229 1489 2258 524
1530 2219 1584 2250 hic

247 2263 409 2303 Angelius
586 2274 650 2302 525
675 2264 760 2294 habe
791 2264 916 2294 bonurn
945 2265 1096 2294 animum
1125 2263 1198 2295 Ital.
1216 2276 1222 2294 :
1257 2263 1389 2294 habebo
1415 2273 1481 2293 unu
1515 2273 1582 2293 ma-

248 2307 406 2338 nuntcoa'.
424 2308 495 2343 (vii.
512 2317 543 2346 p.
564 2309 639 2346 1035
732 2313 808 2347 pete
826 2308 903 2338 hinc
915 2308 961 2338 sis
972 2308 1075 2338 Bothe
1090 2320 1097 2339 ε
1121 2319 1165 2338 an
1183 2309 1229 2338 sis
1243 2313 1360 2347 petere
1371 2307 1472 2337 hinc?
1540 2306 1582 2336 ah

248 2350 350 2381 Bothe
364 2363 372 2382 ε
397 2352 438 2381 ab
461 2351 527 2381 cod.
543 2352 580 2389 &b
591 2357 650 2391 pro
662 2352 698 2381 hx
799 2353 863 2391 526
881 2352 970 2381 dolet
985 2351 1128 2392 Spcngsl
1143 2364 1150 2382 :
1176 2352 1218 2382 do
1236 2357 1269 2381 ut
1287 2349 1353 2382 cod.
1369 2352 1442 2391 (pro
1458 2350 1541 2381 dolit
1555 2352 1580 2384 ἓ)

248 2405 312 2433 ego
330 2405 383 2425 me
401 2394 500 2425 doleo
519 2394 591 2425 Ital.
610 2407 616 2424 τ
647 2400 783 2429 egomet
802 2397 832 2425 d.
852 2395 995 2435 Sprngrl
1091 2396 1191 2425 etiam
1213 2395 1446 2425 (ann-rarius:
1482 2393 1580 2425 eliam

247 2438 316 2469 cod.
409 2449 470 2477 527
497 2440 523 2469 si
541 2439 653 2469 hercle
672 2450 724 2468 mc
743 2439 869 2469 Lmltsz
896 2440 946 2469 sih
966 2439 1066 2478 plane
1086 2440 1225 2480 gplame)
1244 2438 1310 2469 cod.
1390 2438 1490 2469 maria
1506 2437 1581 2468 pet)
