1747 2740
514 154 686 192 MILES
718 154 1032 193 GLORIOSVS
1372 156 1442 193 IV.
1465 155 1510 193 vi

1 277 86 315 1255
109 267 181 304 Ac.
204 264 298 316 quia
317 277 398 303 non
419 271 477 303 est
498 264 603 304 intus
624 277 743 315 quem
765 277 838 316 ego
859 266 964 304 uolo.
1017 267 1089 304 M1.
1114 265 1181 316 qui
1203 265 1311 305 scis?
1367 267 1439 304 Ac.
1463 281 1505 312 40

1067 330 1150 369 scio
1171 332 1221 370 de
1243 332 1413 370 olefactu
1435 346 1444 379 3

107 408 198 433 nam
219 395 341 434 odore
363 408 502 433 nasum
525 394 678 442 sentiat,
698 394 727 433 si
751 394 855 434 intus
877 395 935 433 sit.
998 397 1066 433 Pv.
1100 395 1322 435 hariolatur.

105 459 198 510 quia
219 459 281 498 me
301 468 418 507 amat,
443 467 650 511 propterea
671 462 808 499 Venus
830 460 921 499 fecit
943 475 1030 499 eam
1053 468 1094 499 ut
1116 461 1322 500 diuinaret.

105 527 178 564 Ac.
211 524 346 564 nescio
374 525 441 565 ubi
466 525 530 565 hic
558 540 680 577 prope
710 527 823 565 adest
852 540 972 577 quem
1003 533 1145 577 expeto
1176 526 1334 566 uidere:
1366 529 1445 566 olet

1252 594 1441 643 profecto.

107 658 174 694 ΡΥ.
208 669 305 695 naso
326 658 393 707 pol
414 656 491 695 iam
513 657 776 707 haecquidem
799 659 887 708 plus
908 657 1017 696 uidet
1035 671 1153 708 quam
1177 658 1312 696 oculis.
1372 660 1442 696 ΡΑ.

1081 736 1198 761 caeca
1218 736 1352 761 amore
1373 731 1442 761 est.

0 790 88 826 1260
106 788 179 826 AC.
211 795 302 827 tene
334 801 398 826 me
429 788 606 838 opsecro.
679 790 752 826 Ml.
785 790 890 838 qur?
947 790 1020 826 Ac.
1054 802 1104 826 ne
1139 789 1290 826 cadam.
1367 790 1440 826 Ml.
1465 800 1505 831 45

675 853 772 904 quid
794 853 876 891 ita?
932 855 1005 891 AC.
1038 853 1131 903 quia
1151 861 1252 892 stare
1273 867 1442 904 nequeo,

106 917 159 957 ita
177 918 334 957 animus
360 932 430 969 per
450 920 588 958 oculos
610 932 721 958 meos
741 917 880 971 (mets)
903 919 1009 957 defit.
1072 921 1144 957 M1.
1179 918 1343 957 militem
1365 921 1432 969 pol

106 991 147 1022 tu
185 984 380 1034 aspexisti.
453 986 530 1023 Ac.
560 984 623 1023 ita.
698 986 772 1022 M1.
805 998 886 1023 non
922 984 1051 1023 uideo.
1112 984 1180 1023 ubi
1215 986 1302 1023 est?
1370 986 1443 1022 Ac.

950 1049 1106 1088 uideres
1126 1051 1204 1100 pol,
1228 1050 1259 1088 si
1280 1063 1441 1089 amares.

105 1117 178 1154 M1.
211 1128 292 1154 non
325 1116 468 1166 edepol
498 1123 541 1154 tu
568 1114 679 1154 illum
715 1114 838 1166 magis
872 1128 981 1153 arnas
1010 1128 1129 1165 quarn
1165 1128 1252 1165 ego,
1283 1129 1381 1162 mea,
1414 1114 1445 1153 si

1167 1194 1236 1231 per
1256 1188 1294 1219 te
1316 1180 1443 1219 liceat.

106 1248 176 1285 ΡΑ.
208 1259 347 1285 omnes
368 1247 546 1297 profecto
567 1246 749 1285 mulieres
770 1253 809 1284 te
828 1253 974 1292 amant,
998 1253 1040 1284 ut
1061 1259 1242 1296 quaeque
1265 1246 1424 1297 aspexit.

0 1317 85 1364 1265
107 1314 176 1351 ΡΥ,
208 1312 343 1351 nescio
377 1319 419 1350 tu
454 1326 501 1350 ex
535 1326 598 1351 me
630 1313 707 1350 hoc
737 1311 936 1351 audiueris
970 1325 1021 1349 an
1054 1325 1160 1350 non:
1200 1325 1324 1362 nepos
1356 1326 1443 1350 sum
1465 1325 1507 1358 50

1265 1378 1441 1417 Veneris.

106 1445 178 1482 Ac.
211 1456 300 1482 mea
330 1442 610 1494 Milphidippa,
641 1442 706 1482 adi
732 1456 898 1493 opsecro
927 1450 965 1481 et
990 1444 1241 1493 congredere.
1302 1445 1370 1482 Pv.
1403 1451 1445 1482 ut

1181 1522 1244 1547 me
1265 1516 1421 1547 ueretur
1438 1513 1444 1548 1

105 1577 174 1614 PA.
206 1574 272 1613 illa
291 1575 342 1613 ad
363 1587 435 1612 nos
457 1573 591 1624 pergit.
654 1575 727 1612 M1.
753 1587 824 1612 uos
847 1574 950 1612 uolo.
1012 1575 1081 1611 Px:
1106 1581 1143 1612 et
1165 1587 1237 1612 nos
1259 1582 1306 1612 te.
1369 1576 1442 1613 M1.

1224 1641 1264 1677 i‘lt
1288 1639 1442 1687 iussisti,

105 1720 210 1746 eram
232 1720 362 1745 meam
383 1705 501 1745 eduxi
522 1707 637 1744 foras.
696 1707 764 1743 ΡΥ.
798 1705 927 1744 uideo.
989 1707 1062 1743 M1.
1097 1705 1189 1743 iube
1211 1719 1302 1756 ergo
1322 1706 1443 1744 adire.

107 1774 173 1811 ΡΥ.
206 1771 343 1811 induxi
380 1771 419 1809 in
453 1771 632 1810 animum
666 1785 715 1810 ne
748 1772 898 1809 oderim
934 1771 1026 1810 item
1064 1779 1105 1809 ut
1140 1772 1246 1819 alias,
1281 1773 1443 1821 quando

1311 1837 1439 1875 orasti.

0 1918 86 1954 1270
107 1906 180 1942 M1.
212 1903 379 1942 uerbum
411 1904 555 1952 edepol
590 1904 716 1942 facere
752 1916 832 1941 non
867 1902 982 1954 potis,
1015 1902 1045 1941 si
1077 1902 1284 1941 accesserit
1319 1916 1442 1953 prope
1463 1916 1502 1949 55

1318 1969 1368 2006 ad
1390 1975 1438 2006 te.

105 2037 201 2075 dum
223 2043 260 2074 te
281 2042 476 2085 optuetur‚
501 2034 655 2073 interim
678 2035 852 2086 linguam
876 2035 980 2075 oculi
1003 2034 1289 2086 praeciderunt.

152 2149 234 2180 1255
259 2141 302 2171 de
323 2140 467 2171 olefaetu
493 2139 630 2170 Skutsch
660 2139 792 2171 (Plzilol.
820 2150 870 2179 59,
898 2140 999 2179 504):
1030 2139 1150 2179 edepol
1176 2139 1261 2169 facio
1286 2138 1371 2168 (scio
1394 2136 1441 2177 Β)

104 2184 170 2216 cod.
193 2197 199 2216 :
224 2184 277 2224 pol
297 2185 338 2215 de
357 2183 479 2214 olfactu
498 2183 638 2214 Mueller
653 2183 784 2221 (thet'n.
806 2183 894 2215 Mus.
916 2194 968 2223 54.
987 2185 1064 2224 400)
1084 2196 1091 2215 :
1117 2184 1188 2215 scio
1207 2181 1328 2222 edepol
1346 2181 1443 2212 facile

104 2229 225 2260 Bothe:
250 2228 319 2259 scio
334 2228 389 2267 pol
408 2237 483 2266 ego,
497 2227 619 2258 olfacio
637 2226 704 2258 Leo
842 2238 924 2268 1259
949 2239 975 2259 c.
996 2239 1111 2259 amore
1133 2227 1311 2257 Gmterus:
1336 2235 1362 2256 e.
1383 2235 1443 2256 ore

105 2272 171 2304 cod.
192 2274 274 2312 (pro
285 2272 460 2309 caecfiore)
555 2273 639 2302 1260
662 2282 749 2311 quor
761 2271 827 2303 cod.
925 2273 1002 2302 1261
1032 2282 1126 2301 meus
1140 2270 1216 2301 add.
1234 2269 1354 2310 Haupt
1408 2270 1439 2299 d.

105 2315 331 2358 <mi)Sclzoell
466 2316 548 2354 1263
574 2326 646 2346 mea
665 2314 724 2355 (Bw
740 2316 791 2346 vel
807 2326 859 2346 me
875 2315 978 2348 (pem
992 2315 1058 2346 cod.
1078 2326 1083 2344 :
1106 2324 1215 2345 amem
1231 2313 1445 2345 Camerarius

110 2361 192 2400 1265
219 2370 272 2390 me
293 2370 335 2390 ex
361 2358 451 2389 cod:
484 2359 556 2390 irai.
583 2359 765 2389 Hermann
835 2360 984 2390 audieris
1008 2358 1074 2389 cod.
1215 2360 1296 2398 1267
1318 2357 1368 2389 vel
1385 2358 1442 2388 ted

104 2403 154 2434 vel
171 2404 218 2434 uti
334 2404 416 2433 1268
435 2402 516 2433 soris
534 2402 566 2433 Β
678 2405 761 2443 1269
787 2402 817 2434 in
833 2414 897 2434 om.
911 2403 943 2433 B
1031 2402 1161 2433 odor-im
1175 2401 1242 2433 cod.
1361 2411 1444 2440 1270

105 2447 227 2488 edepol
247 2447 306 2488 (ΒΥ
325 2447 374 2477 vel
388 2446 502 2477 hercle
520 2445 619 2486 (PCD‘
637 2446 704 2478 cod.
845 2457 923 2486 1271
952 2447 1084 2477 interim
1103 2456 1168 2477 om.
1189 2445 1264 2476 ΡΠ)
