1747 2740
180 128 228 167 V.

170 511 231 542 105

197 1818 236 1841 10

250 128 295 165 iv
671 128 717 164 T.
752 126 934 166 MACCI
968 127 1171 167 PLAVTI

251 254 324 291 qur
344 254 509 280 numero
536 240 540 292 Ι
566 240 658 279 estis
680 239 835 287 mortui,
859 241 936 278 hoc
958 240 1139 290 exemplo
1159 247 1201 277 ut
1222 238 1463 290 pingeretis?

251 319 343 344 nam
363 306 460 344 alios
482 305 651 356 pictores
672 305 725 343 nil
749 318 879 344 moror
900 304 1129 344 huiusmodi
1151 312 1315 343 tractare
1335 305 1525 355 exempla.

305 434 386 470 HA.
402 432 442 471 di
456 433 634 482 deaeque
648 432 799 479 omnes,
809 430 948 470 uobeis
962 431 1092 469 habeo
1107 430 1246 469 merito
1260 443 1421 480 magnas
1433 430 1585 480 gratias,

305 511 427 548 quom
449 499 522 536 hac
544 511 607 536 me
628 497 775 536 laetitia
794 496 995 535 adfecistis
1017 503 1125 534 tanta
1145 503 1183 534 et
1203 495 1321 534 tantis
1341 495 1504 546 gaudiis,
1612 507 1697 543 1275

304 571 346 601 ut
369 576 478 601 meae
499 563 640 613 gnatae
662 564 713 601 ad
736 575 798 600 me
820 562 991 600 redirent
1013 569 1050 599 et
1072 568 1309 611 potestatem
1331 574 1472 599 meam.

304 630 408 666 ΑΒΕ.
442 628 494 665 rni
515 636 635 678 pater,
659 635 727 666 tua
747 627 871 678 pietas
894 629 1010 677 plane
1031 626 1171 665 nobeis
1191 626 1336 664 auxilio
1358 626 1440 664 fuit.

304 695 378 731 AG.
403 701 551 743 patrue,
570 693 688 731 facito
704 693 742 731 in
761 693 951 731 memoria
967 693 1114 731 habeas
1136 700 1243 731 tuam
1262 691 1449 730 maiorem
1467 691 1586 730 filiam

304 758 401 796 mihi
433 766 470 796 te
501 757 773 808 despondisse.
836 759 917 795 HA.
951 757 1123 796 memini.
1184 758 1259 795 AG.
1287 764 1326 796 et
1358 757 1462 796 dotis
1491 757 1587 807 quid

1351 823 1585 873 promiseris.

425 930 887 966 ANTAMOENlnsss
998 929 1412 966 ADELPHASH'M

305 995 736 1031 ANTERASTILIS
832 994 1039 1031 HANNo
1139 994 1588 1031 AGORASTOCLES

305 1083 438 1120 ANTA.
471 1080 510 1119 Si
531 1093 604 1130 ego
633 1080 781 1118 minam
810 1093 891 1118 non
913 1081 1018 1118 ultus
1039 1080 1148 1118 fuero
1169 1079 1292 1130 probe
1312 1091 1432 1129 quarn
1454 1079 1587 1118 lenoni
1611 1082 1702 1116 1280

1481 1144 1586 1191 dedi,

306 1221 390 1252 tum
407 1213 585 1263 profecto
607 1225 670 1250 me
691 1211 764 1249 sibi
786 1211 963 1249 habento
983 1223 1137 1249 scurrae
1157 1209 1385 1248 ludificatui.

306 1279 338 1318 is
359 1279 476 1318 etiam
499 1292 562 1317 me
582 1280 634 1317 ad
655 1278 864 1329 prandium
886 1279 937 1316 ad
958 1291 999 1316 se
1019 1277 1183 1315 abduxit
1204 1277 1506 1327 ignauissumus,

306 1345 390 1396 ipse
409 1344 505 1383 abiit
527 1346 639 1391 foras,
664 1343 727 1383 me
749 1343 904 1394 reliquit
926 1357 996 1394 pro
1016 1342 1174 1381 atriensi
1195 1342 1234 1380 in
1255 1342 1431 1381 aedibus.

306 1411 373 1450 ubi
395 1423 468 1449 nec
489 1412 580 1450 leno
601 1423 731 1460 neque
748 1409 836 1448 illae
853 1410 1019 1448 redeunt
1035 1421 1109 1447 nec
1125 1408 1234 1459 quod
1250 1407 1356 1447 edim
1373 1407 1586 1459 quicquam

1458 1475 1587 1522 datur,

304 1555 375 1593 pro
396 1541 542 1580 maiore
564 1548 674 1591 parte
695 1541 834 1592 prandi
857 1540 998 1591 pignus
1020 1539 1119 1590 cepi,
1141 1539 1220 1577 abii
1242 1540 1343 1577 foras
1361 1553 1371 1586 ;
1612 1543 1696 1588 1285

305 1607 360 1646 sic
381 1608 529 1646 dedero
549 1622 555 1645 :
586 1620 675 1645 aere
696 1605 852 1644 militari
877 1605 1041 1656 tetigero
1062 1605 1330 1644 lenunculum.

305 1681 472 1712 nanctus
489 1680 547 1711 est
568 1672 773 1711 hominem
795 1671 903 1710 mina
924 1685 1042 1722 quem
1063 1670 1213 1721 argenti
1234 1670 1558 1708 circumduceret.

306 1740 376 1778 sed
398 1752 485 1777 mea
504 1738 632 1777 amica
653 1751 759 1777 nunc
781 1738 878 1776 mihi
899 1737 998 1776 irato
1018 1737 1179 1776 obuiam
1201 1736 1334 1775 ueniat
1356 1736 1474 1775 uelim
1493 1749 1499 1771 :

307 1805 383 1843 iam
405 1806 471 1855 pol
493 1818 565 1855 ego
586 1804 692 1843 illam
716 1804 856 1855 pugnis
878 1812 1001 1843 totam
1023 1803 1164 1842 faciam
1186 1802 1242 1841 uti
1264 1803 1312 1841 sit
1334 1803 1517 1849 merulea,

306 1870 359 1908 ita
380 1870 541 1920 replebo
568 1869 572 1921 Ι
598 1869 764 1916 atritate‚
788 1869 937 1907 atritior
963 1870 1088 1907 multo
1110 1876 1151 1906 ut
1172 1867 1245 1907 siet
1609 1879 1699 1914 1290

305 1948 426 1986 quam
448 1934 674 1985 Aegyptini,
696 1934 763 1985 qui
786 1934 977 1973 cortinam
1001 1933 1103 1972 ludis
1125 1946 1193 1983 per
1213 1933 1361 1972 circum
1383 1934 1522 1971 ferunt.

304 2003 408 2039 ΑΒΕ.
442 2008 531 2038 tene
562 2000 613 2038 sis
641 2014 705 2039 me
731 2007 823 2046 arte,
855 2013 941 2038 mea
969 2001 1178 2050 uolupta53
1217 2000 1319 2037 male
1349 2012 1422 2049 ego
1453 2006 1587 2036 metuo

1430 2063 1583 2109 miluos,

298 2154 467 2193 1272forl.
480 2152 597 2196 (qur),
610 2164 673 2193 qur
735 2153 817 2184 estis
833 2162 972 2183 numero
987 2152 1066 2183 Rei„—
1124 2153 1178 2183 hic
1196 2152 1387 2192 exempium
1402 2150 1434 2181 Ρ
1503 2161 1584 2191 1275

250 2198 423 2229 adfecistis
435 2202 509 2237 post
521 2198 623 2228 tantis
636 2197 667 2226 P
738 2197 820 2235 1276
842 2201 875 2226 et
887 2196 918 2225 A
935 2200 971 2226 n!
981 2196 1042 2227 vid.
1063 2208 1069 2227 ι
1094 2197 1126 2226 in
1139 2196 1172 2226 P
1247 2196 1330 2235 1278
1351 2195 1543 2226 memoriam
1556 2195 1588 2225 Ρ

255 2243 332 2272 1281
362 2242 509 2271 habeant
535 2251 694 2271 oscurrae
716 2240 749 2270 P
840 2239 1021 2270 ludificatui
1049 2244 1084 2270 ut
1104 2239 1166 2271 vid.
1187 2240 1219 2269 A
1238 2252 1244 2270 :
1281 2239 1426 2270 ludificis
1449 2239 1525 2270 catii
1550 2244 1586 2269 nr

250 2285 313 2316 vid.
335 2284 368 2314 P
502 2286 583 2315 1282
610 2285 640 2315 in
658 2294 688 2323 p.
709 2284 740 2313 A
834 2283 974 2314 abduxit
990 2283 1047 2321 rB*
1070 2284 1119 2314 vel
1132 2284 1273 2314 adduxit
1288 2282 1391 2320 (ΡΠ)χ
1408 2282 1447 2319 Ρ,
1461 2283 1493 2312 Α
1511 2294 1542 2312 η.
1559 2283 1579 2313 Ι.

255 2330 336 2367 1283
353 2328 441 2367 abeit
458 2328 490 2357 A
597 2329 678 2366 1285
703 2327 844 2367 prande}
862 2326 893 2357 A
999 2327 1078 2357 1286
1102 2327 1198 2368 aere]
1217 2338 1235 2357 e
1256 2327 1353 2363 {velit
1367 2325 1399 2356 A
1419 2338 1425 2357 :
1455 2337 1473 2357 e
1490 2325 1578 2356 mdd.

251 2372 415 2402 Prisciani
428 2382 454 2407 1,
471 2382 553 2410 109:
579 2382 598 2401 e
616 2382 651 2401 re
669 2371 802 2410 Soffi'rt
924 2371 1002 2408 1287
1027 2381 1093 2409 que
1111 2370 1144 2400 P
1258 2380 1341 2408 1290
1363 2370 1444 2409 repl.
1465 2368 1584 2412 (eam)

250 2415 384 2454 Bentlajv
482 2416 614 2455 atritior
630 2415 662 2443 A
681 2427 687 2445 ι
711 2415 815 2444 atrior
833 2413 884 2444 P:
908 2415 943 2453 <fi
974 2414 1101 2444 Paulus
1129 2415 1170 2444 28
1192 2414 1330 2444 ‘atritas
1351 2414 1424 2453 xlcg.
1447 2413 1583 2452 atritas)

250 2458 311 2489 atri
338 2458 480 2488 coloris’
623 2467 699 2496 1291
726 2457 933 2498 Aegyptini]
953 2458 1080 2497 aegipti
1099 2464 1154 2488 aut
1169 2456 1202 2487 P
1288 2457 1419 2488 suerunt
1437 2456 1469 2487 P
