<?xml version="1.0" encoding="UTF-8"?>
<!DOCTYPE html PUBLIC "-//W3C//DTD XHTML 1.0 Transitional//EN"
    "http://www.w3.org/TR/xhtml1/DTD/xhtml1-transitional.dtd">
<html xmlns="http://www.w3.org/1999/xhtml" xml:lang="en" lang="en">
 <head>
  <title>
</title>
<meta http-equiv="Content-Type" content="text/html;charset=utf-8" />
  <meta name='ocr-system' content='tesseract 3.04.00' />
  <meta name='ocr-capabilities' content='ocr_page ocr_carea ocr_par ocr_line ocrx_word'/>
</head>
<body>
  <div class='ocr_page' id='page_1' title='image "./comoediaerecogno02plau_0104.png"; bbox 0 0 1747 2740; ppageno 0'>
   <div class='ocr_carea' id='block_1_1' title="bbox 178 121 1137 163">
    <p class='ocr_par' dir='ltr' id='par_1_1' title="bbox 178 121 1137 163">
     <span class='ocr_line' id='line_1_1' title="bbox 178 121 1137 163; baseline -0.002 -1"><span class='ocrx_word' id='word_1_1' title='bbox 178 124 243 163; x_wconf 92' lang='lat' dir='ltr'><strong>I.i</strong></span> <span class='ocrx_word' id='word_1_2' title='bbox 641 123 688 160; x_wconf 93' lang='lat' dir='ltr'><strong>T.</strong></span> <span class='ocrx_word' id='word_1_3' title='bbox 722 121 901 161; x_wconf 91' lang='lat' dir='ltr'>MACCI</span> <span class='ocrx_word' id='word_1_4' title='bbox 934 122 1137 160; x_wconf 76' lang='lat' dir='ltr'><strong>PLAVTI</strong></span> 
     </span>
    </p>
   </div>
   <div class='ocr_carea' id='block_1_2' title="bbox 230 232 1434 284">
    <p class='ocr_par' dir='ltr' id='par_1_2' title="bbox 230 232 1434 284">
     <span class='ocr_line' id='line_1_2' title="bbox 230 232 1434 284; baseline -0.002 -12"><span class='ocrx_word' id='word_1_5' title='bbox 230 235 306 273; x_wconf 84' lang='lat' dir='ltr'><strong>GR.</strong></span> <span class='ocrx_word' id='word_1_6' title='bbox 340 233 432 284; x_wconf 88' lang='lat' dir='ltr'><strong>quia</strong></span> <span class='ocrx_word' id='word_1_7' title='bbox 452 246 670 284; x_wconf 83' lang='lat' dir='ltr'><strong>numquam</strong></span> <span class='ocrx_word' id='word_1_8' title='bbox 693 232 828 280; x_wconf 88' lang='lat' dir='ltr'><strong>merui,</strong></span> <span class='ocrx_word' id='word_1_9' title='bbox 851 240 892 271; x_wconf 89' lang='lat' dir='ltr'><strong>tu</strong></span> <span class='ocrx_word' id='word_1_10' title='bbox 915 232 1089 271; x_wconf 88' lang='lat' dir='ltr'><strong>meruisti</strong></span> <span class='ocrx_word' id='word_1_11' title='bbox 1110 239 1148 271; x_wconf 87' lang='lat' dir='ltr'><strong>et</strong></span> <span class='ocrx_word' id='word_1_12' title='bbox 1169 245 1275 271; x_wconf 89' lang='lat' dir='ltr'><strong>nunc</strong></span> <span class='ocrx_word' id='word_1_13' title='bbox 1297 244 1434 271; x_wconf 87' lang='lat' dir='ltr'><strong>meres.</strong></span> 
     </span>
    </p>
   </div>
   <div class='ocr_carea' id='block_1_3' title="bbox 168 297 1347 1857">
    <p class='ocr_par' dir='ltr' id='par_1_3' title="bbox 228 297 1227 479">
     <span class='ocr_line' id='line_1_3' title="bbox 228 297 1058 349; baseline -0.002 -11"><span class='ocrx_word' id='word_1_14' title='bbox 228 301 303 338; x_wconf 85' lang='lat' dir='ltr'><strong>TR.</strong></span> <span class='ocrx_word' id='word_1_15' title='bbox 337 298 525 338; x_wconf 87' lang='lat' dir='ltr'><strong>orationis</strong></span> <span class='ocrx_word' id='word_1_16' title='bbox 546 312 706 349; x_wconf 83' lang='lat' dir='ltr'>operam</span> <span class='ocrx_word' id='word_1_17' title='bbox 728 297 942 348; x_wconf 80' lang='lat' dir='ltr'><strong>compendi</strong></span> <span class='ocrx_word' id='word_1_18' title='bbox 963 299 1058 345; x_wconf 91' lang='lat' dir='ltr'><strong>face,</strong></span> 
     </span>
     <span class='ocr_line' id='line_1_4' title="bbox 229 363 1034 414; baseline -0.002 -11"><span class='ocrx_word' id='word_1_19' title='bbox 229 365 302 404; x_wconf 87' lang='lat' dir='ltr'><strong>nisi</strong></span> <span class='ocrx_word' id='word_1_20' title='bbox 324 372 361 404; x_wconf 92' lang='lat' dir='ltr'><strong>te</strong></span> <span class='ocrx_word' id='word_1_21' title='bbox 383 366 485 403; x_wconf 90' lang='lat' dir='ltr'><strong>mala</strong></span> <span class='ocrx_word' id='word_1_22' title='bbox 506 378 545 403; x_wconf 90' lang='lat' dir='ltr'><strong>re</strong></span> <span class='ocrx_word' id='word_1_23' title='bbox 567 377 710 414; x_wconf 85' lang='lat' dir='ltr'><strong>magna</strong></span> <span class='ocrx_word' id='word_1_24' title='bbox 730 363 890 402; x_wconf 83' lang='lat' dir='ltr'><strong>mactari</strong></span> <span class='ocrx_word' id='word_1_25' title='bbox 912 363 1034 413; x_wconf 88' lang='lat' dir='ltr'><strong>cupis.</strong></span> 
     </span>
     <span class='ocr_line' id='line_1_5' title="bbox 230 429 1227 479; baseline -0.004 -9"><span class='ocrx_word' id='word_1_26' title='bbox 230 432 307 470; x_wconf 85' lang='lat' dir='ltr'><strong>GR.</strong></span> <span class='ocrx_word' id='word_1_27' title='bbox 340 444 477 469; x_wconf 89' lang='lat' dir='ltr'><strong>eruom</strong></span> <span class='ocrx_word' id='word_1_28' title='bbox 499 429 654 468; x_wconf 80' lang='lat' dir='ltr'>daturin</span> <span class='ocrx_word' id='word_1_29' title='bbox 676 429 769 468; x_wconf 84' lang='lat' dir='ltr'><strong>estis</strong></span> <span class='ocrx_word' id='word_1_30' title='bbox 791 429 921 467; x_wconf 82' lang='lat' dir='ltr'><strong>bubus</strong></span> <span class='ocrx_word' id='word_1_31' title='bbox 943 429 1051 479; x_wconf 85' lang='lat' dir='ltr'><strong>quod</strong></span> <span class='ocrx_word' id='word_1_32' title='bbox 1074 429 1227 466; x_wconf 85' lang='lat' dir='ltr'><strong>feram?</strong></span> 
     </span>
    </p>

    <p class='ocr_par' dir='ltr' id='par_1_4' title="bbox 169 493 1183 677">
     <span class='ocr_line' id='line_1_6' title="bbox 169 493 1123 545; baseline -0.002 -12"><span class='ocrx_word' id='word_1_33' title='bbox 169 501 210 533; x_wconf 91' lang='lat'><strong>60</strong></span> <span class='ocrx_word' id='word_1_34' title='bbox 230 498 321 536; x_wconf 89' lang='lat' dir='ltr'><strong>date</strong></span> <span class='ocrx_word' id='word_1_35' title='bbox 341 510 407 536; x_wconf 91' lang='lat' dir='ltr'><strong>aes</strong></span> <span class='ocrx_word' id='word_1_36' title='bbox 428 495 648 534; x_wconf 81' lang='lat' dir='ltr'>inhonestis</span> <span class='ocrx_word' id='word_1_37' title='bbox 665 511 671 533; x_wconf 91' lang='lat'>:</span> <span class='ocrx_word' id='word_1_38' title='bbox 702 494 816 545; x_wconf 82' lang='lat' dir='ltr'><strong>agite,</strong></span> <span class='ocrx_word' id='word_1_39' title='bbox 840 508 955 544; x_wconf 90' lang='lat' dir='ltr'><strong>porro</strong></span> <span class='ocrx_word' id='word_1_40' title='bbox 975 493 1123 545; x_wconf 81' lang='lat' dir='ltr'><strong>pergite</strong></span> 
     </span>
     <span class='ocr_line' id='line_1_7' title="bbox 230 560 1183 615; baseline -0.005 -12"><span class='ocrx_word' id='word_1_41' title='bbox 230 563 419 615; x_wconf 88' lang='lat' dir='ltr'><strong>quoniam</strong></span> <span class='ocrx_word' id='word_1_42' title='bbox 440 562 674 613; x_wconf 81' lang='lat' dir='ltr'><strong>occepistis:</strong></span> <span class='ocrx_word' id='word_1_43' title='bbox 706 560 840 608; x_wconf 90' lang='lat' dir='ltr'><strong>bibite,</strong></span> <span class='ocrx_word' id='word_1_44' title='bbox 865 560 1183 612; x_wconf 81' lang='lat' dir='ltr'><strong>pergraecamini,</strong></span> 
     </span>
     <span class='ocr_line' id='line_1_8' title="bbox 229 625 1017 677; baseline -0.004 -9"><span class='ocrx_word' id='word_1_45' title='bbox 229 638 321 676; x_wconf 87' lang='lat' dir='ltr'><strong>este,</strong></span> <span class='ocrx_word' id='word_1_46' title='bbox 345 627 528 668; x_wconf 79' lang='lat' dir='ltr'><strong>ecfercite</strong></span> <span class='ocrx_word' id='word_1_47' title='bbox 548 641 632 674; x_wconf 87' lang='lat' dir='ltr'><strong>uos,</strong></span> <span class='ocrx_word' id='word_1_48' title='bbox 656 626 831 677; x_wconf 83' lang='lat' dir='ltr'>saginam</span> <span class='ocrx_word' id='word_1_49' title='bbox 854 625 1017 665; x_wconf 81' lang='lat' dir='ltr'><strong>caedite.</strong></span> 
     </span>
    </p>

    <p class='ocr_par' dir='ltr' id='par_1_5' title="bbox 228 691 1344 811">
     <span class='ocr_line' id='line_1_9' title="bbox 228 691 1344 743; baseline -0.002 -10"><span class='ocrx_word' id='word_1_50' title='bbox 228 697 304 733; x_wconf 83' lang='lat' dir='ltr'><strong>TR.</strong></span> <span class='ocrx_word' id='word_1_51' title='bbox 338 702 424 733; x_wconf 88' lang='lat' dir='ltr'><strong>tace</strong></span> <span class='ocrx_word' id='word_1_52' title='bbox 443 701 563 743; x_wconf 88' lang='lat' dir='ltr'><strong>atque</strong></span> <span class='ocrx_word' id='word_1_53' title='bbox 583 692 647 732; x_wconf 86' lang='lat' dir='ltr'><strong>abi</strong></span> <span class='ocrx_word' id='word_1_54' title='bbox 670 695 743 731; x_wconf 70' lang='lat' dir='ltr'><strong>rtis.</strong></span> <span class='ocrx_word' id='word_1_55' title='bbox 805 705 878 742; x_wconf 88' lang='lat' dir='ltr'><strong>ego</strong></span> <span class='ocrx_word' id='word_1_56' title='bbox 899 691 953 730; x_wconf 93' lang='lat' dir='ltr'><strong>ire</strong></span> <span class='ocrx_word' id='word_1_57' title='bbox 974 691 1013 730; x_wconf 89' lang='lat' dir='ltr'><strong>in</strong></span> <span class='ocrx_word' id='word_1_58' title='bbox 1036 691 1217 730; x_wconf 85' lang='lat' dir='ltr'><strong>Piraeum</strong></span> <span class='ocrx_word' id='word_1_59' title='bbox 1239 693 1344 739; x_wconf 92' lang='lat' dir='ltr'><strong>uolo,</strong></span> 
     </span>
     <span class='ocr_line' id='line_1_10' title="bbox 230 757 1003 811; baseline -0.005 -12"><span class='ocrx_word' id='word_1_60' title='bbox 230 761 269 799; x_wconf 90' lang='lat' dir='ltr'><strong>in</strong></span> <span class='ocrx_word' id='word_1_61' title='bbox 291 773 500 811; x_wconf 89' lang='lat' dir='ltr'><strong>uesperum</strong></span> <span class='ocrx_word' id='word_1_62' title='bbox 522 772 657 809; x_wconf 89' lang='lat' dir='ltr'><strong>parare</strong></span> <span class='ocrx_word' id='word_1_63' title='bbox 678 758 873 809; x_wconf 81' lang='lat' dir='ltr'><strong>piscatum</strong></span> <span class='ocrx_word' id='word_1_64' title='bbox 896 757 1003 796; x_wconf 89' lang='lat' dir='ltr'><strong>mihi.</strong></span> 
     </span>
    </p>

    <p class='ocr_par' dir='ltr' id='par_1_6' title="bbox 168 823 1244 941">
     <span class='ocr_line' id='line_1_11' title="bbox 168 823 1244 874; baseline -0.002 -11"><span class='ocrx_word' id='word_1_65' title='bbox 168 832 208 873; x_wconf 85' lang='lat'><strong>65</strong></span> <span class='ocrx_word' id='word_1_66' title='bbox 229 839 366 865; x_wconf 89' lang='lat' dir='ltr'><strong>eruom</strong></span> <span class='ocrx_word' id='word_1_67' title='bbox 387 824 459 864; x_wconf 87' lang='lat' dir='ltr'><strong>tibi</strong></span> <span class='ocrx_word' id='word_1_68' title='bbox 479 823 620 874; x_wconf 89' lang='lat' dir='ltr'><strong>aliquis</strong></span> <span class='ocrx_word' id='word_1_69' title='bbox 642 837 726 862; x_wconf 85' lang='lat' dir='ltr'><strong>cras</strong></span> <span class='ocrx_word' id='word_1_70' title='bbox 747 825 836 862; x_wconf 87' lang='lat' dir='ltr'><strong>faxo</strong></span> <span class='ocrx_word' id='word_1_71' title='bbox 856 824 907 862; x_wconf 86' lang='lat' dir='ltr'><strong>ad</strong></span> <span class='ocrx_word' id='word_1_72' title='bbox 928 823 1062 862; x_wconf 88' lang='lat' dir='ltr'><strong>uillam</strong></span> <span class='ocrx_word' id='word_1_73' title='bbox 1083 824 1244 862; x_wconf 87' lang='lat' dir='ltr'><strong>adferat.</strong></span> 
     </span>
     <span class='ocr_line' id='line_1_12' title="bbox 230 889 1218 941; baseline -0.002 -12"><span class='ocrx_word' id='word_1_74' title='bbox 230 891 327 941; x_wconf 88' lang='lat' dir='ltr'><strong>quid</strong></span> <span class='ocrx_word' id='word_1_75' title='bbox 348 898 406 929; x_wconf 89' lang='lat' dir='ltr'><strong>est</strong></span> <span class='ocrx_word' id='word_1_76' title='bbox 427 890 537 940; x_wconf 83' lang='lat' dir='ltr'><strong>quod</strong></span> <span class='ocrx_word' id='word_1_77' title='bbox 558 896 599 928; x_wconf 86' lang='lat' dir='ltr'><strong>tu</strong></span> <span class='ocrx_word' id='word_1_78' title='bbox 622 903 684 928; x_wconf 90' lang='lat' dir='ltr'><strong>me</strong></span> <span class='ocrx_word' id='word_1_79' title='bbox 705 902 812 927; x_wconf 86' lang='lat' dir='ltr'><strong>nunc</strong></span> <span class='ocrx_word' id='word_1_80' title='bbox 833 896 1007 939; x_wconf 87' lang='lat' dir='ltr'><strong>optuere‚</strong></span> <span class='ocrx_word' id='word_1_81' title='bbox 1031 889 1218 928; x_wconf 86' lang='lat' dir='ltr'><strong>furcifer?</strong></span> 
     </span>
    </p>

    <p class='ocr_par' dir='ltr' id='par_1_7' title="bbox 231 954 1324 1132">
     <span class='ocr_line' id='line_1_13' title="bbox 233 954 1244 1006; baseline -0.003 -11"><span class='ocrx_word' id='word_1_82' title='bbox 233 958 308 996; x_wconf 84' lang='lat' dir='ltr'><strong>GR.</strong></span> <span class='ocrx_word' id='word_1_83' title='bbox 342 957 408 1006; x_wconf 84' lang='lat' dir='ltr'><strong>pol</strong></span> <span class='ocrx_word' id='word_1_84' title='bbox 429 955 500 994; x_wconf 89' lang='lat' dir='ltr'><strong>tibi</strong></span> <span class='ocrx_word' id='word_1_85' title='bbox 522 954 622 993; x_wconf 89' lang='lat' dir='ltr'><strong>istuc</strong></span> <span class='ocrx_word' id='word_1_86' title='bbox 644 955 763 994; x_wconf 90' lang='lat' dir='ltr'><strong>credo</strong></span> <span class='ocrx_word' id='word_1_87' title='bbox 784 967 932 993; x_wconf 90' lang='lat' dir='ltr'><strong>nomen</strong></span> <span class='ocrx_word' id='word_1_88' title='bbox 953 961 1131 993; x_wconf 89' lang='lat' dir='ltr'><strong>actutum</strong></span> <span class='ocrx_word' id='word_1_89' title='bbox 1152 955 1244 993; x_wconf 87' lang='lat' dir='ltr'><strong>fore.</strong></span> 
     </span>
     <span class='ocr_line' id='line_1_14' title="bbox 231 1019 1249 1067; baseline -0.003 -6"><span class='ocrx_word' id='word_1_90' title='bbox 231 1024 307 1061; x_wconf 84' lang='lat' dir='ltr'><strong>TR.</strong></span> <span class='ocrx_word' id='word_1_91' title='bbox 341 1023 437 1060; x_wconf 91' lang='lat' dir='ltr'><strong>dum</strong></span> <span class='ocrx_word' id='word_1_92' title='bbox 458 1020 607 1059; x_wconf 85' lang='lat' dir='ltr'><strong>interea</strong></span> <span class='ocrx_word' id='word_1_93' title='bbox 627 1020 682 1059; x_wconf 92' lang='lat' dir='ltr'><strong>sic</strong></span> <span class='ocrx_word' id='word_1_94' title='bbox 704 1020 763 1067; x_wconf 87' lang='lat' dir='ltr'><strong>sit,</strong></span> <span class='ocrx_word' id='word_1_95' title='bbox 786 1019 886 1058; x_wconf 87' lang='lat' dir='ltr'><strong>istuc</strong></span> <span class='ocrx_word' id='word_1_96' title='bbox 909 1021 1130 1058; x_wconf 84' lang='lat' dir='ltr'><strong>‘actutum’</strong></span> <span class='ocrx_word' id='word_1_97' title='bbox 1151 1019 1249 1058; x_wconf 86' lang='lat' dir='ltr'><strong>sino.</strong></span> 
     </span>
     <span class='ocr_line' id='line_1_15' title="bbox 234 1084 1324 1132; baseline -0.002 -6"><span class='ocrx_word' id='word_1_98' title='bbox 234 1089 311 1126; x_wconf 86' lang='lat' dir='ltr'><strong>GR.</strong></span> <span class='ocrx_word' id='word_1_99' title='bbox 345 1086 398 1125; x_wconf 86' lang='lat' dir='ltr'><strong>ita</strong></span> <span class='ocrx_word' id='word_1_100' title='bbox 417 1093 485 1125; x_wconf 91' lang='lat' dir='ltr'><strong>est.</strong></span> <span class='ocrx_word' id='word_1_101' title='bbox 546 1086 617 1124; x_wconf 92' lang='lat' dir='ltr'><strong>sed</strong></span> <span class='ocrx_word' id='word_1_102' title='bbox 638 1099 762 1123; x_wconf 90' lang='lat' dir='ltr'><strong>unum</strong></span> <span class='ocrx_word' id='word_1_103' title='bbox 784 1086 861 1124; x_wconf 91' lang='lat' dir='ltr'><strong>hoc</strong></span> <span class='ocrx_word' id='word_1_104' title='bbox 881 1084 991 1132; x_wconf 91' lang='lat' dir='ltr'><strong>scito,</strong></span> <span class='ocrx_word' id='word_1_105' title='bbox 1015 1084 1139 1123; x_wconf 89' lang='lat' dir='ltr'><strong>nimio</strong></span> <span class='ocrx_word' id='word_1_106' title='bbox 1159 1085 1324 1124; x_wconf 88' lang='lat' dir='ltr'><strong>celerius</strong></span> 
     </span>
    </p>

    <p class='ocr_par' dir='ltr' id='par_1_8' title="bbox 174 1149 1347 1465">
     <span class='ocr_line' id='line_1_16' title="bbox 174 1149 1325 1202; baseline -0.002 -11"><span class='ocrx_word' id='word_1_107' title='bbox 174 1164 214 1196; x_wconf 90' lang='lat'><strong>70</strong></span> <span class='ocrx_word' id='word_1_108' title='bbox 233 1151 367 1192; x_wconf 88' lang='lat' dir='ltr'><strong>uenire</strong></span> <span class='ocrx_word' id='word_1_109' title='bbox 388 1152 498 1202; x_wconf 87' lang='lat' dir='ltr'><strong>quod</strong></span> <span class='ocrx_word' id='word_1_110' title='bbox 519 1152 633 1189; x_wconf 90' lang='lat' dir='ltr'><strong>obest</strong></span> <span class='ocrx_word' id='word_1_111' title='bbox 653 1164 773 1201; x_wconf 83' lang='lat' dir='ltr'><strong>quam</strong></span> <span class='ocrx_word' id='word_1_112' title='bbox 795 1149 886 1188; x_wconf 89' lang='lat' dir='ltr'><strong>illuc</strong></span> <span class='ocrx_word' id='word_1_113' title='bbox 908 1151 1017 1200; x_wconf 90' lang='lat' dir='ltr'><strong>quod</strong></span> <span class='ocrx_word' id='word_1_114' title='bbox 1039 1149 1183 1201; x_wconf 89' lang='lat' dir='ltr'><strong>cupide</strong></span> <span class='ocrx_word' id='word_1_115' title='bbox 1204 1158 1325 1201; x_wconf 89' lang='lat' dir='ltr'><strong>petas.</strong></span> 
     </span>
     <span class='ocr_line' id='line_1_17' title="bbox 233 1215 1263 1263; baseline -0.002 -7"><span class='ocrx_word' id='word_1_116' title='bbox 233 1220 309 1257; x_wconf 83' lang='lat' dir='ltr'><strong>TR.</strong></span> <span class='ocrx_word' id='word_1_117' title='bbox 344 1218 533 1256; x_wconf 85' lang='lat' dir='ltr'><strong>molestus</strong></span> <span class='ocrx_word' id='word_1_118' title='bbox 554 1230 604 1255; x_wconf 91' lang='lat' dir='ltr'><strong>ne</strong></span> <span class='ocrx_word' id='word_1_119' title='bbox 625 1216 676 1255; x_wconf 88' lang='lat' dir='ltr'><strong>sis</strong></span> <span class='ocrx_word' id='word_1_120' title='bbox 698 1215 896 1263; x_wconf 88' lang='lat' dir='ltr'><strong>nunciam,</strong></span> <span class='ocrx_word' id='word_1_121' title='bbox 919 1215 931 1254; x_wconf 92' lang='lat' dir='ltr'><strong>i</strong></span> <span class='ocrx_word' id='word_1_122' title='bbox 952 1229 1027 1263; x_wconf 89' lang='lat' dir='ltr'><strong>rus,</strong></span> <span class='ocrx_word' id='word_1_123' title='bbox 1051 1223 1090 1255; x_wconf 93' lang='lat' dir='ltr'><strong>te</strong></span> <span class='ocrx_word' id='word_1_124' title='bbox 1109 1229 1263 1255; x_wconf 87' lang='lat' dir='ltr'><strong>amoue.</strong></span> 
     </span>
     <span class='ocr_line' id='line_1_18' title="bbox 234 1280 1347 1332; baseline -0.002 -11"><span class='ocrx_word' id='word_1_125' title='bbox 234 1297 283 1321; x_wconf 90' lang='lat' dir='ltr'><strong>ne</strong></span> <span class='ocrx_word' id='word_1_126' title='bbox 304 1290 346 1321; x_wconf 90' lang='lat' dir='ltr'><strong>tu</strong></span> <span class='ocrx_word' id='word_1_127' title='bbox 366 1283 498 1321; x_wconf 88' lang='lat' dir='ltr'><strong>hercle</strong></span> <span class='ocrx_word' id='word_1_128' title='bbox 519 1282 747 1332; x_wconf 80' lang='lat' dir='ltr'><strong>praeterhac</strong></span> <span class='ocrx_word' id='word_1_129' title='bbox 768 1280 864 1319; x_wconf 89' lang='lat' dir='ltr'><strong>mihi</strong></span> <span class='ocrx_word' id='word_1_130' title='bbox 886 1294 967 1319; x_wconf 91' lang='lat' dir='ltr'><strong>non</strong></span> <span class='ocrx_word' id='word_1_131' title='bbox 988 1280 1106 1320; x_wconf 88' lang='lat' dir='ltr'><strong>facies</strong></span> <span class='ocrx_word' id='word_1_132' title='bbox 1129 1294 1347 1320; x_wconf 84' lang='lat' dir='ltr'><strong>moram.—</strong></span> 
     </span>
     <span class='ocr_line' id='line_1_19' title="bbox 236 1346 1339 1397; baseline -0.001 -11"><span class='ocrx_word' id='word_1_133' title='bbox 236 1350 312 1387; x_wconf 73' lang='lat' dir='ltr'><strong>GR.</strong></span> <span class='ocrx_word' id='word_1_134' title='bbox 345 1347 445 1386; x_wconf 90' lang='lat' dir='ltr'><strong>satin</strong></span> <span class='ocrx_word' id='word_1_135' title='bbox 466 1347 563 1386; x_wconf 83' lang='lat' dir='ltr'><strong>abiit</strong></span> <span class='ocrx_word' id='word_1_136' title='bbox 584 1361 713 1397; x_wconf 87' lang='lat' dir='ltr'><strong>neque</strong></span> <span class='ocrx_word' id='word_1_137' title='bbox 735 1347 843 1397; x_wconf 88' lang='lat' dir='ltr'><strong>quod</strong></span> <span class='ocrx_word' id='word_1_138' title='bbox 865 1346 944 1385; x_wconf 87' lang='lat' dir='ltr'><strong>dixi</strong></span> <span class='ocrx_word' id='word_1_139' title='bbox 966 1346 1079 1385; x_wconf 88' lang='lat' dir='ltr'><strong>flocci</strong></span> <span class='ocrx_word' id='word_1_140' title='bbox 1102 1346 1339 1385; x_wconf 82' lang='lat' dir='ltr'><strong>existumat?</strong></span> 
     </span>
     <span class='ocr_line' id='line_1_20' title="bbox 236 1412 1177 1465; baseline -0.002 -13"><span class='ocrx_word' id='word_1_141' title='bbox 236 1427 307 1465; x_wconf 92' lang='lat' dir='ltr'><strong>pro</strong></span> <span class='ocrx_word' id='word_1_142' title='bbox 328 1413 368 1452; x_wconf 93' lang='lat' dir='ltr'><strong>di</strong></span> <span class='ocrx_word' id='word_1_143' title='bbox 389 1412 630 1461; x_wconf 73' lang='lat' dir='ltr'><strong>inmortales,</strong></span> <span class='ocrx_word' id='word_1_144' title='bbox 651 1426 816 1463; x_wconf 88' lang='lat' dir='ltr'><strong>opsecro</strong></span> <span class='ocrx_word' id='word_1_145' title='bbox 837 1419 1011 1451; x_wconf 83' lang='lat' dir='ltr'><strong>nostram</strong></span> <span class='ocrx_word' id='word_1_146' title='bbox 1032 1413 1152 1451; x_wconf 89' lang='lat' dir='ltr'><strong>fidem</strong></span> <span class='ocrx_word' id='word_1_147' title='bbox 1171 1415 1177 1450; x_wconf 83' lang='lat'><strong>!</strong></span> 
     </span>
    </p>

    <p class='ocr_par' dir='ltr' id='par_1_9' title="bbox 177 1477 1311 1780">
     <span class='ocr_line' id='line_1_21' title="bbox 177 1477 1310 1528; baseline -0.002 -10"><span class='ocrx_word' id='word_1_148' title='bbox 177 1490 217 1527; x_wconf 84' lang='lat'><strong>75</strong></span> <span class='ocrx_word' id='word_1_149' title='bbox 237 1479 352 1519; x_wconf 90' lang='lat' dir='ltr'><strong>facite</strong></span> <span class='ocrx_word' id='word_1_150' title='bbox 373 1480 452 1517; x_wconf 92' lang='lat' dir='ltr'><strong>huc</strong></span> <span class='ocrx_word' id='word_1_151' title='bbox 472 1486 514 1516; x_wconf 89' lang='lat' dir='ltr'><strong>ut</strong></span> <span class='ocrx_word' id='word_1_152' title='bbox 535 1479 669 1517; x_wconf 89' lang='lat' dir='ltr'><strong>redeat</strong></span> <span class='ocrx_word' id='word_1_153' title='bbox 690 1486 823 1517; x_wconf 91' lang='lat' dir='ltr'><strong>noster</strong></span> <span class='ocrx_word' id='word_1_154' title='bbox 843 1491 962 1528; x_wconf 87' lang='lat' dir='ltr'><strong>quarn</strong></span> <span class='ocrx_word' id='word_1_155' title='bbox 984 1477 1155 1528; x_wconf 91' lang='lat' dir='ltr'><strong>primum</strong></span> <span class='ocrx_word' id='word_1_156' title='bbox 1177 1491 1310 1525; x_wconf 83' lang='lat' dir='ltr'><strong>senex,</strong></span> 
     </span>
     <span class='ocr_line' id='line_1_22' title="bbox 238 1543 1311 1594; baseline -0.002 -11"><span class='ocrx_word' id='word_1_157' title='bbox 238 1544 450 1583; x_wconf 90' lang='lat' dir='ltr'><strong>triennium</strong></span> <span class='ocrx_word' id='word_1_158' title='bbox 472 1543 538 1594; x_wconf 88' lang='lat' dir='ltr'><strong>qui</strong></span> <span class='ocrx_word' id='word_1_159' title='bbox 560 1543 637 1582; x_wconf 89' lang='lat' dir='ltr'><strong>iam</strong></span> <span class='ocrx_word' id='word_1_160' title='bbox 658 1543 751 1582; x_wconf 90' lang='lat' dir='ltr'><strong>hinc</strong></span> <span class='ocrx_word' id='word_1_161' title='bbox 771 1544 893 1591; x_wconf 88' lang='lat' dir='ltr'><strong>abest,</strong></span> <span class='ocrx_word' id='word_1_162' title='bbox 917 1543 1014 1593; x_wconf 89' lang='lat' dir='ltr'><strong>priu&#39;</strong></span> <span class='ocrx_word' id='word_1_163' title='bbox 1035 1557 1154 1594; x_wconf 86' lang='lat' dir='ltr'><strong>quam</strong></span> <span class='ocrx_word' id='word_1_164' title='bbox 1176 1543 1311 1582; x_wconf 87' lang='lat' dir='ltr'><strong>onmia</strong></span> 
     </span>
     <span class='ocr_line' id='line_1_23' title="bbox 238 1609 1216 1662; baseline -0.002 -13"><span class='ocrx_word' id='word_1_165' title='bbox 238 1610 397 1662; x_wconf 88' lang='lat' dir='ltr'><strong>periere,</strong></span> <span class='ocrx_word' id='word_1_166' title='bbox 421 1617 459 1648; x_wconf 88' lang='lat' dir='ltr'><strong>et</strong></span> <span class='ocrx_word' id='word_1_167' title='bbox 479 1610 597 1648; x_wconf 88' lang='lat' dir='ltr'><strong>aedes</strong></span> <span class='ocrx_word' id='word_1_168' title='bbox 618 1616 656 1648; x_wconf 90' lang='lat' dir='ltr'><strong>et</strong></span> <span class='ocrx_word' id='word_1_169' title='bbox 676 1623 768 1659; x_wconf 85' lang='lat' dir='ltr'><strong>ager</strong></span> <span class='ocrx_word' id='word_1_170' title='bbox 781 1625 791 1657; x_wconf 79' lang='lat'><em>3</em></span> <span class='ocrx_word' id='word_1_171' title='bbox 821 1609 888 1660; x_wconf 84' lang='lat' dir='ltr'><strong>qui</strong></span> <span class='ocrx_word' id='word_1_172' title='bbox 911 1609 984 1647; x_wconf 86' lang='lat' dir='ltr'><strong>nisi</strong></span> <span class='ocrx_word' id='word_1_173' title='bbox 1006 1610 1083 1648; x_wconf 90' lang='lat' dir='ltr'><strong>huc</strong></span> <span class='ocrx_word' id='word_1_174' title='bbox 1104 1609 1216 1656; x_wconf 90' lang='lat' dir='ltr'><strong>redit,</strong></span> 
     </span>
     <span class='ocr_line' id='line_1_24' title="bbox 239 1674 1166 1727; baseline -0.002 -13"><span class='ocrx_word' id='word_1_175' title='bbox 239 1689 455 1727; x_wconf 90' lang='lat' dir='ltr'><strong>paucorum</strong></span> <span class='ocrx_word' id='word_1_176' title='bbox 478 1688 659 1713; x_wconf 90' lang='lat' dir='ltr'><strong>mensum</strong></span> <span class='ocrx_word' id='word_1_177' title='bbox 680 1682 771 1713; x_wconf 89' lang='lat' dir='ltr'><strong>sunt</strong></span> <span class='ocrx_word' id='word_1_178' title='bbox 791 1674 948 1713; x_wconf 91' lang='lat' dir='ltr'><strong>relictae</strong></span> <span class='ocrx_word' id='word_1_179' title='bbox 969 1674 1166 1725; x_wconf 84' lang='lat' dir='ltr'><strong>reliquiae.</strong></span> 
     </span>
     <span class='ocr_line' id='line_1_25' title="bbox 241 1740 1194 1780; baseline -0.001 0"><span class='ocrx_word' id='word_1_180' title='bbox 241 1755 346 1780; x_wconf 92' lang='lat' dir='ltr'><strong>nunc</strong></span> <span class='ocrx_word' id='word_1_181' title='bbox 367 1754 431 1779; x_wconf 89' lang='lat' dir='ltr'><strong>rus</strong></span> <span class='ocrx_word' id='word_1_182' title='bbox 451 1740 582 1779; x_wconf 86' lang='lat' dir='ltr'><strong>abibo.</strong></span> <span class='ocrx_word' id='word_1_183' title='bbox 642 1754 733 1778; x_wconf 88' lang='lat' dir='ltr'><strong>nam</strong></span> <span class='ocrx_word' id='word_1_184' title='bbox 755 1753 893 1779; x_wconf 90' lang='lat' dir='ltr'><strong>eccum</strong></span> <span class='ocrx_word' id='word_1_185' title='bbox 915 1740 1048 1780; x_wconf 90' lang='lat' dir='ltr'><strong>erilem</strong></span> <span class='ocrx_word' id='word_1_186' title='bbox 1070 1740 1194 1779; x_wconf 89' lang='lat' dir='ltr'><strong>filiurn</strong></span> 
     </span>
    </p>

    <p class='ocr_par' dir='ltr' id='par_1_10' title="bbox 182 1806 1258 1857">
     <span class='ocr_line' id='line_1_26' title="bbox 182 1806 1258 1857; baseline 0 -12"><span class='ocrx_word' id='word_1_187' title='bbox 182 1812 222 1841; x_wconf 73' lang='lat'><strong>80</strong></span> <span class='ocrx_word' id='word_1_188' title='bbox 242 1807 372 1853; x_wconf 86' lang='lat' dir='ltr'><strong>uideo,</strong></span> <span class='ocrx_word' id='word_1_189' title='bbox 395 1813 623 1856; x_wconf 88' lang='lat' dir='ltr'><strong>corruptum</strong></span> <span class='ocrx_word' id='word_1_190' title='bbox 651 1806 655 1857; x_wconf 83' lang='grc' dir='ltr'>Ι</span> <span class='ocrx_word' id='word_1_191' title='bbox 681 1820 727 1844; x_wconf 80' lang='lat' dir='ltr'><strong>ex</strong></span> <span class='ocrx_word' id='word_1_192' title='bbox 747 1807 1003 1845; x_wconf 83' lang='lat' dir='ltr'><strong>adulescente</strong></span> <span class='ocrx_word' id='word_1_193' title='bbox 1024 1814 1258 1856; x_wconf 90' lang='lat' dir='ltr'><strong>optumo.—</strong></span> 
     </span>
    </p>
   </div>
   <div class='ocr_carea' id='block_1_4' title="bbox 195 1889 1384 2143">
    <p class='ocr_par' dir='ltr' id='par_1_11' title="bbox 195 1889 1384 2143">
     <span class='ocr_line' id='line_1_27' title="bbox 195 1889 1112 1928; baseline 0.004 -4"><span class='ocrx_word' id='word_1_194' title='bbox 195 1889 223 1925; x_wconf 88' lang='lat' dir='ltr'><strong>ii</strong></span> <span class='ocrx_word' id='word_1_195' title='bbox 708 1891 1112 1928; x_wconf 82' lang='lat' dir='ltr'>PHILOLACHES</span> 
     </span>
     <span class='ocr_line' id='line_1_28' title="bbox 355 1961 1122 2012; baseline 0.001 -13"><span class='ocrx_word' id='word_1_196' title='bbox 355 1961 593 1999; x_wconf 87' lang='lat' dir='ltr'><strong>Recordatu‘</strong></span> <span class='ocrx_word' id='word_1_197' title='bbox 615 1962 782 1999; x_wconf 89' lang='lat' dir='ltr'><strong>multum</strong></span> <span class='ocrx_word' id='word_1_198' title='bbox 805 1968 842 2000; x_wconf 89' lang='lat' dir='ltr'><strong>et</strong></span> <span class='ocrx_word' id='word_1_199' title='bbox 864 1961 932 2000; x_wconf 92' lang='lat' dir='ltr'><strong>diu</strong></span> <span class='ocrx_word' id='word_1_200' title='bbox 953 1961 1122 2012; x_wconf 85' lang='lat' dir='ltr'><strong>cogitaui</strong></span> 
     </span>
     <span class='ocr_line' id='line_1_29' title="bbox 350 2026 1191 2077; baseline 0.002 -13"><span class='ocrx_word' id='word_1_201' title='bbox 350 2034 659 2077; x_wconf 87' lang='lat' dir='ltr'><strong>argumentaque</strong></span> <span class='ocrx_word' id='word_1_202' title='bbox 680 2026 719 2064; x_wconf 90' lang='lat' dir='ltr'><strong>in</strong></span> <span class='ocrx_word' id='word_1_203' title='bbox 741 2035 877 2076; x_wconf 89' lang='lat' dir='ltr'><strong>pectus</strong></span> <span class='ocrx_word' id='word_1_204' title='bbox 899 2029 1021 2065; x_wconf 84' lang='lat' dir='ltr'><strong>multa</strong></span> <span class='ocrx_word' id='word_1_205' title='bbox 1042 2027 1191 2066; x_wconf 75' lang='lat' dir='ltr'><strong>institui</strong></span> 
     </span>
     <span class='ocr_line' id='line_1_30' title="bbox 353 2092 1384 2143; baseline 0.002 -13"><span class='ocrx_word' id='word_1_206' title='bbox 353 2106 436 2142; x_wconf 81' lang='lat' dir='ltr'><strong>ego,</strong></span> <span class='ocrx_word' id='word_1_207' title='bbox 459 2100 579 2143; x_wconf 84' lang='lat' dir='ltr'><strong>atque</strong></span> <span class='ocrx_word' id='word_1_208' title='bbox 600 2093 639 2130; x_wconf 91' lang='lat' dir='ltr'><strong>in</strong></span> <span class='ocrx_word' id='word_1_209' title='bbox 662 2106 753 2131; x_wconf 89' lang='lat' dir='ltr'><strong>meo</strong></span> <span class='ocrx_word' id='word_1_210' title='bbox 774 2094 904 2139; x_wconf 87' lang='lat' dir='ltr'><strong>corde,</strong></span> <span class='ocrx_word' id='word_1_211' title='bbox 928 2092 957 2130; x_wconf 84' lang='lat' dir='ltr'><strong>si</strong></span> <span class='ocrx_word' id='word_1_212' title='bbox 980 2101 1037 2131; x_wconf 84' lang='lat' dir='ltr'><strong>cst</strong></span> <span class='ocrx_word' id='word_1_213' title='bbox 1059 2095 1167 2143; x_wconf 86' lang='lat' dir='ltr'><strong>quod</strong></span> <span class='ocrx_word' id='word_1_214' title='bbox 1190 2093 1285 2132; x_wconf 91' lang='lat' dir='ltr'><strong>mihi</strong></span> <span class='ocrx_word' id='word_1_215' title='bbox 1307 2107 1384 2141; x_wconf 87' lang='lat' dir='ltr'><strong>cor,</strong></span> 
     </span>
    </p>
   </div>
   <div class='ocr_carea' id='block_1_5' title="bbox 289 2197 1577 2238">
    <p class='ocr_par' dir='ltr' id='par_1_12' title="bbox 289 2197 1577 2238">
     <span class='ocr_line' id='line_1_31' title="bbox 289 2197 1577 2238; baseline -0.001 -10"><span class='ocrx_word' id='word_1_216' title='bbox 289 2200 331 2228; x_wconf 80' lang='lat'><strong>62</strong></span> <span class='ocrx_word' id='word_1_217' title='bbox 355 2209 490 2230; x_wconf 79' lang='lat' dir='ltr'><strong>scruom</strong></span> <span class='ocrx_word' id='word_1_218' title='bbox 508 2198 573 2230; x_wconf 85' lang='lat' dir='ltr'><strong>cod.</strong></span> <span class='ocrx_word' id='word_1_219' title='bbox 597 2197 762 2233; x_wconf 60' lang='lat' dir='ltr'><strong>(cot-123²]</strong></span> <span class='ocrx_word' id='word_1_220' title='bbox 855 2198 963 2229; x_wconf 81' lang='lat' dir='ltr'><strong>daturi</strong></span> <span class='ocrx_word' id='word_1_221' title='bbox 983 2197 1046 2229; x_wconf 81' lang='lat' dir='ltr'><strong>cod.</strong></span> <span class='ocrx_word' id='word_1_222' title='bbox 1139 2199 1182 2237; x_wconf 88' lang='lat'><strong>63</strong></span> <span class='ocrx_word' id='word_1_223' title='bbox 1207 2199 1282 2229; x_wconf 83' lang='lat' dir='ltr'><strong>data</strong></span> <span class='ocrx_word' id='word_1_224' title='bbox 1299 2209 1335 2230; x_wconf 86' lang='lat' dir='ltr'><strong>es</strong></span> <span class='ocrx_word' id='word_1_225' title='bbox 1352 2198 1577 2238; x_wconf 44' lang='lat' dir='ltr'><strong>inssh]onestis</strong></span> 
     </span>
    </p>
   </div>
   <div class='ocr_carea' id='block_1_6' title="bbox 248 2240 1398 2282">
    <p class='ocr_par' dir='ltr' id='par_1_13' title="bbox 248 2240 1398 2282">
     <span class='ocr_line' id='line_1_32' title="bbox 248 2240 1398 2282; baseline -0.001 -10"><span class='ocrx_word' id='word_1_226' title='bbox 248 2242 314 2273; x_wconf 85' lang='lat' dir='ltr'><strong>cod.</strong></span> <span class='ocrx_word' id='word_1_227' title='bbox 331 2252 425 2273; x_wconf 59' lang='lat' dir='ltr'><strong>worr.</strong></span> <span class='ocrx_word' id='word_1_228' title='bbox 447 2242 506 2282; x_wconf 68' lang='lat'><strong>23²&gt;</strong></span> <span class='ocrx_word' id='word_1_229' title='bbox 619 2244 660 2281; x_wconf 84' lang='lat'><strong>64</strong></span> <span class='ocrx_word' id='word_1_230' title='bbox 684 2242 845 2281; x_wconf 84' lang='lat' dir='ltr'><strong>occepisti</strong></span> <span class='ocrx_word' id='word_1_231' title='bbox 860 2241 976 2272; x_wconf 66' lang='lat' dir='ltr'>B-&#39;PsD</span> <span class='ocrx_word' id='word_1_232' title='bbox 1052 2242 1118 2272; x_wconf 89' lang='lat' dir='ltr'><strong>bibi</strong></span> <span class='ocrx_word' id='word_1_233' title='bbox 1136 2242 1201 2273; x_wconf 80' lang='lat' dir='ltr'><strong>cod.</strong></span> <span class='ocrx_word' id='word_1_234' title='bbox 1223 2244 1320 2282; x_wconf 82' lang='lat' dir='ltr'><strong>(corr.</strong></span> <span class='ocrx_word' id='word_1_235' title='bbox 1337 2240 1398 2272; x_wconf 51' lang='lat' dir='ltr'><strong>BQ</strong></span> 
     </span>
    </p>
   </div>
   <div class='ocr_carea' id='block_1_7' title="bbox 247 2285 1575 2369">
    <p class='ocr_par' dir='ltr' id='par_1_14' title="bbox 247 2285 1575 2369">
     <span class='ocr_line' id='line_1_33' title="bbox 248 2285 1575 2325; baseline -0.001 -9"><span class='ocrx_word' id='word_1_236' title='bbox 248 2286 407 2317; x_wconf 83' lang='lat' dir='ltr'><strong>ecfercite</strong></span> <span class='ocrx_word' id='word_1_237' title='bbox 427 2286 660 2316; x_wconf 75' lang='lat' dir='ltr'><strong>Camerarius:</strong></span> <span class='ocrx_word' id='word_1_238' title='bbox 685 2286 834 2316; x_wconf 82' lang='lat' dir='ltr'><strong>ecferute</strong></span> <span class='ocrx_word' id='word_1_239' title='bbox 859 2287 912 2321; x_wconf 82' lang='lat' dir='ltr'><strong>(ec</strong></span> <span class='ocrx_word' id='word_1_240' title='bbox 931 2285 1027 2315; x_wconf 71' lang='lat' dir='ltr'><strong>serite</strong></span> <span class='ocrx_word' id='word_1_241' title='bbox 1047 2285 1076 2315; x_wconf 85' lang='grc' dir='ltr'><em>Β</em></span> <span class='ocrx_word' id='word_1_242' title='bbox 1108 2285 1173 2316; x_wconf 83' lang='lat' dir='ltr'><strong>cod.</strong></span> <span class='ocrx_word' id='word_1_243' title='bbox 1287 2287 1330 2325; x_wconf 86' lang='lat'><strong>69</strong></span> <span class='ocrx_word' id='word_1_244' title='bbox 1353 2286 1441 2325; x_wconf 91' lang='lat' dir='ltr'><strong>quod</strong></span> <span class='ocrx_word' id='word_1_245' title='bbox 1461 2290 1494 2316; x_wconf 80' lang='lat' dir='ltr'><strong>tu</strong></span> <span class='ocrx_word' id='word_1_246' title='bbox 1514 2285 1575 2324; x_wconf 59' lang='lat' dir='ltr'><strong>(Bi</strong></span> 
     </span>
     <span class='ocr_line' id='line_1_34' title="bbox 247 2328 1572 2369; baseline 0 -10"><span class='ocrx_word' id='word_1_247' title='bbox 247 2330 297 2360; x_wconf 79' lang='lat' dir='ltr'><strong>vel</strong></span> <span class='ocrx_word' id='word_1_248' title='bbox 311 2330 391 2369; x_wconf 89' lang='lat' dir='ltr'><strong>quid</strong></span> <span class='ocrx_word' id='word_1_249' title='bbox 410 2334 446 2360; x_wconf 85' lang='lat' dir='ltr'><strong>tu</strong></span> <span class='ocrx_word' id='word_1_250' title='bbox 465 2329 571 2365; x_wconf 51' lang='lat' dir='ltr'><em>(PCD)</em></span> <span class='ocrx_word' id='word_1_251' title='bbox 608 2331 660 2361; x_wconf 82' lang='lat' dir='ltr'><strong>i.e.</strong></span> <span class='ocrx_word' id='word_1_252' title='bbox 681 2330 762 2369; x_wconf 89' lang='lat' dir='ltr'><strong>quid</strong></span> <span class='ocrx_word' id='word_1_253' title='bbox 785 2331 857 2360; x_wconf 79' lang='lat' dir='ltr'><strong>est&#39;.²</strong></span> <span class='ocrx_word' id='word_1_254' title='bbox 883 2329 962 2369; x_wconf 86' lang='lat' dir='ltr'><strong>quid</strong></span> <span class='ocrx_word' id='word_1_255' title='bbox 987 2330 1035 2359; x_wconf 43' lang='lat' dir='ltr'><strong>tui</strong></span> <span class='ocrx_word' id='word_1_256' title='bbox 1054 2329 1118 2360; x_wconf 83' lang='lat' dir='ltr'><strong>cod.</strong></span> <span class='ocrx_word' id='word_1_257' title='bbox 1274 2339 1310 2368; x_wconf 86' lang='lat'><strong>71</strong></span> <span class='ocrx_word' id='word_1_258' title='bbox 1338 2330 1485 2359; x_wconf 82' lang='lat' dir='ltr'><strong>intereas</strong></span> <span class='ocrx_word' id='word_1_259' title='bbox 1505 2328 1572 2359; x_wconf 85' lang='lat' dir='ltr'><strong>cod.</strong></span> 
     </span>
    </p>
   </div>
   <div class='ocr_carea' id='block_1_8' title="bbox 250 2373 1448 2413">
    <p class='ocr_par' dir='ltr' id='par_1_15' title="bbox 250 2373 1448 2413">
     <span class='ocr_line' id='line_1_35' title="bbox 250 2373 1448 2413; baseline -0.002 -9"><span class='ocrx_word' id='word_1_260' title='bbox 250 2384 290 2413; x_wconf 83' lang='lat'><strong>73</strong></span> <span class='ocrx_word' id='word_1_261' title='bbox 313 2374 410 2404; x_wconf 86' lang='lat' dir='ltr'><strong>obest</strong></span> <span class='ocrx_word' id='word_1_262' title='bbox 423 2374 550 2413; x_wconf 62' lang='lat' dir='ltr'><strong>scr-ipss:</strong></span> <span class='ocrx_word' id='word_1_263' title='bbox 573 2374 712 2404; x_wconf 81' lang='lat' dir='ltr'><strong>moleste</strong></span> <span class='ocrx_word' id='word_1_264' title='bbox 726 2373 789 2404; x_wconf 83' lang='lat' dir='ltr'><em>cod.</em></span> <span class='ocrx_word' id='word_1_265' title='bbox 806 2373 855 2413; x_wconf 57' lang='lat' dir='ltr'><strong>rs.</strong></span> <span class='ocrx_word' id='word_1_266' title='bbox 870 2384 897 2404; x_wconf 77' lang='lat' dir='ltr'><strong>v.</strong></span> <span class='ocrx_word' id='word_1_267' title='bbox 914 2373 969 2412; x_wconf 52' lang='lat'><strong>74)</strong></span> <span class='ocrx_word' id='word_1_268' title='bbox 1038 2373 1154 2403; x_wconf 76' lang='lat' dir='ltr'><strong>ueniet</strong></span> <span class='ocrx_word' id='word_1_269' title='bbox 1168 2373 1257 2413; x_wconf 89' lang='lat' dir='ltr'><strong>quod</strong></span> <span class='ocrx_word' id='word_1_270' title='bbox 1275 2373 1370 2403; x_wconf 85' lang='lat' dir='ltr'><strong>noles</strong></span> <span class='ocrx_word' id='word_1_271' title='bbox 1386 2373 1448 2402; x_wconf 75' lang='lat' dir='ltr'><strong>Leo</strong></span> 
     </span>
    </p>
   </div>
   <div class='ocr_carea' id='block_1_9' title="bbox 249 2415 1578 2458">
    <p class='ocr_par' dir='ltr' id='par_1_16' title="bbox 249 2415 1578 2458">
     <span class='ocr_line' id='line_1_36' title="bbox 249 2415 1578 2458; baseline -0.001 -11"><span class='ocrx_word' id='word_1_272' title='bbox 249 2417 299 2448; x_wconf 79' lang='lat' dir='ltr'><strong>ve!</strong></span> <span class='ocrx_word' id='word_1_273' title='bbox 311 2418 356 2447; x_wconf 75' lang='lat' dir='ltr'><strong>sic</strong></span> <span class='ocrx_word' id='word_1_274' title='bbox 369 2417 532 2456; x_wconf 69' lang='lat' dir='ltr'><strong>distingue</strong></span> <span class='ocrx_word' id='word_1_275' title='bbox 548 2417 605 2452; x_wconf 80' lang='lat' dir='ltr'><strong>sis,</strong></span> <span class='ocrx_word' id='word_1_276' title='bbox 627 2418 782 2448; x_wconf 86' lang='lat' dir='ltr'><strong>nunciam</strong></span> <span class='ocrx_word' id='word_1_277' title='bbox 802 2418 809 2447; x_wconf 90' lang='lat' dir='ltr'><strong>i</strong></span> <span class='ocrx_word' id='word_1_278' title='bbox 901 2427 940 2456; x_wconf 84' lang='lat'><strong>75</strong></span> <span class='ocrx_word' id='word_1_279' title='bbox 967 2415 1094 2458; x_wconf 82' lang='lat' dir='ltr'><strong>[erres]</strong></span> <span class='ocrx_word' id='word_1_280' title='bbox 1114 2417 1227 2447; x_wconf 83' lang='lat' dir='ltr'><strong>hercle</strong></span> <span class='ocrx_word' id='word_1_281' title='bbox 1245 2416 1309 2447; x_wconf 85' lang='lat' dir='ltr'><strong>cod.</strong></span> <span class='ocrx_word' id='word_1_282' title='bbox 1326 2417 1380 2457; x_wconf 68' lang='lat' dir='ltr'><strong>(iv.</strong></span> <span class='ocrx_word' id='word_1_283' title='bbox 1400 2417 1435 2455; x_wconf 55' lang='lat'><strong>3}</strong></span> <span class='ocrx_word' id='word_1_284' title='bbox 1453 2428 1460 2446; x_wconf 80' lang='lat' dir='ltr'>z</span> <span class='ocrx_word' id='word_1_285' title='bbox 1483 2426 1578 2446; x_wconf 83' lang='lat' dir='ltr'><strong>erres</strong></span> 
     </span>
    </p>
   </div>
   <div class='ocr_carea' id='block_1_10' title="bbox 251 2459 1407 2548">
    <p class='ocr_par' dir='ltr' id='par_1_17' title="bbox 251 2459 1407 2548">
     <span class='ocr_line' id='line_1_37' title="bbox 251 2459 1407 2501; baseline 0 -11"><span class='ocrx_word' id='word_1_286' title='bbox 251 2461 310 2491; x_wconf 71' lang='lat' dir='ltr'><em>del.</em></span> <span class='ocrx_word' id='word_1_287' title='bbox 335 2459 476 2500; x_wconf 80' lang='lat' dir='ltr'><strong>Spengel</strong></span> <span class='ocrx_word' id='word_1_288' title='bbox 583 2462 625 2491; x_wconf 88' lang='lat'><strong>80</strong></span> <span class='ocrx_word' id='word_1_289' title='bbox 643 2461 724 2501; x_wconf 83' lang='lat' dir='ltr'><strong>huc]</strong></span> <span class='ocrx_word' id='word_1_290' title='bbox 744 2472 832 2491; x_wconf 88' lang='lat' dir='ltr'><strong>nunc</strong></span> <span class='ocrx_word' id='word_1_291' title='bbox 851 2461 978 2491; x_wconf 70' lang='lat' dir='ltr'><strong>Ritsclel</strong></span> <span class='ocrx_word' id='word_1_292' title='bbox 1096 2461 1131 2490; x_wconf 91' lang='lat'><strong>81</strong></span> <span class='ocrx_word' id='word_1_293' title='bbox 1161 2470 1333 2491; x_wconf 88' lang='lat' dir='ltr'><strong>mensuum</strong></span> <span class='ocrx_word' id='word_1_294' title='bbox 1345 2459 1407 2491; x_wconf 73' lang='lat' dir='ltr'><strong>cod.</strong></span> 
     </span>
     <span class='ocr_line' id='line_1_38' title="bbox 251 2503 1059 2548; baseline -0.002 -12"><span class='ocrx_word' id='word_1_295' title='bbox 251 2510 445 2544; x_wconf 84' lang='lat' dir='ltr'><strong>corruptum</strong></span> <span class='ocrx_word' id='word_1_296' title='bbox 463 2503 578 2548; x_wconf 78' lang='lat' dir='ltr'><strong>(tam)</strong></span> <span class='ocrx_word' id='word_1_297' title='bbox 598 2504 922 2546; x_wconf 66' lang='lat' dir='ltr'><strong>P›-ad1-ld‹·p›-ffl·p0s.</strong></span> <span class='ocrx_word' id='word_1_298' title='bbox 945 2515 975 2544; x_wconf 87' lang='lat' dir='ltr'><strong>p.</strong></span> <span class='ocrx_word' id='word_1_299' title='bbox 996 2514 1059 2543; x_wconf 79' lang='lat'><strong>543</strong></span> 
     </span>
    </p>
   </div>
   <div class='ocr_carea' id='block_1_11' title="bbox 1585 964 1632 998">
    <p class='ocr_par' dir='ltr' id='par_1_18' title="bbox 1585 964 1632 998">
     <span class='ocr_line' id='line_1_39' title="bbox 1585 964 1632 998; baseline 0 -9"><span class='ocrx_word' id='word_1_300' title='bbox 1585 964 1632 998; x_wconf 92' lang='lat'><strong>70</strong></span> 
     </span>
    </p>
   </div>
   <div class='ocr_carea' id='block_1_12' title="bbox 1588 1294 1630 1331">
    <p class='ocr_par' dir='ltr' id='par_1_19' title="bbox 1588 1294 1630 1331">
     <span class='ocr_line' id='line_1_40' title="bbox 1588 1294 1630 1331; baseline 0.071 -3"><span class='ocrx_word' id='word_1_301' title='bbox 1588 1294 1630 1331; x_wconf 87' lang='grc'><strong>75</strong></span> 
     </span>
    </p>
   </div>
   <div class='ocr_carea' id='block_1_13' title="bbox 1593 1613 1638 1648">
    <p class='ocr_par' dir='ltr' id='par_1_20' title="bbox 1593 1613 1638 1648">
     <span class='ocr_line' id='line_1_41' title="bbox 1593 1613 1638 1648; baseline 0 0"><span class='ocrx_word' id='word_1_302' title='bbox 1593 1613 1638 1648; x_wconf 83' lang='grc'><strong>80</strong></span> 
     </span>
    </p>
   </div>
  </div>
 </body>
</html>
