1747 2740
154 133 203 170 V.
225 132 255 169 ii
645 130 692 167 T.
726 127 907 167 MACCI
940 127 1145 164 PLAVTI

227 256 382 294 Slgnum
405 255 490 281 esse
510 248 665 292 oportet
686 240 725 279 in
747 253 867 278 manu
889 240 1002 277 laeua
1023 237 1104 285 tibi,

227 308 380 348 ludenti
401 321 523 359 puero
544 307 653 357 quod
675 303 886 344 memordit
909 303 1031 342 simia.

148 384 207 418 1¹5
227 375 418 414 ostende:
448 371 665 423 inspiciam.
728 369 874 420 †aperi.
937 368 1030 408 audi
1052 376 1170 419 atque
1190 369 1326 407 ades†.
1586 374 1673 412 1075

229 442 302 479 AG.
336 438 388 478 mi
410 446 556 489 patrue,
581 438 698 475 salue.
760 437 841 474 HA.
876 434 914 474 et
935 442 977 473 tu
999 436 1117 481 salue,
1140 434 1428 483 Agorastocles.

227 509 368 544 iterum
390 503 486 542 mihi
506 510 647 553 gnatus
668 501 807 541 uideor
830 513 952 551 quom
975 507 1013 538 te
1034 499 1196 550 repperi.

228 572 302 608 M1.
335 571 401 620 pol
423 568 536 607 istam
558 581 639 606 rem
661 567 776 606 uobis
800 568 902 606 bene
924 566 1105 606 euenisse
1124 567 1290 616 gaudeo.

227 637 296 674 sed
319 642 357 674 te
378 633 529 673 moneri
550 647 646 672 num
667 633 809 672 neuis?
867 635 948 671 HA.
981 646 1075 671 sane
1095 633 1200 670 uolo.

147 713 207 736 120
229 702 301 739 M1.
334 708 497 751 paterna
517 707 672 750 oportet
692 699 773 737 filio
794 698 905 737 reddi
922 699 1038 737 bona.
1587 698 1677 734 1080

227 773 436 816 aequomst
457 765 602 803 habere
624 766 730 803 hunc
753 765 858 802 bona
879 777 981 814 quae
1002 762 1178 814 possedit
1198 769 1317 813 pater.

229 833 310 870 HA.
342 832 420 869 hau
441 831 600 881 postulo
620 829 753 869 aliter:
785 829 1037 868 restituentur
1057 828 1216 875 omnia3

228 910 340 935 suam
361 895 436 934 sibi
456 909 537 934 rem
559 897 709 933 saluam
730 894 876 943 sistam,
900 895 931 933 si
952 894 1019 932 illo
1039 893 1254 933 aduenerit.

230 964 304 1000 M1.
336 961 455 1000 facito
475 960 526 999 sis
547 961 699 1007 reddas,
732 960 804 999 etsi
825 959 889 998 hic
909 959 1115 1007 habitabit,
1138 967 1282 997 tamen.

147 1040 205 1071 125
231 1029 312 1066 HA.
345 1026 441 1077 quin
462 1040 550 1065 mea
570 1039 730 1076 quoque
751 1025 824 1064 iste
843 1025 1018 1072 habebit,
1042 1024 1072 1062 si
1094 1024 1190 1075 quid
1211 1037 1274 1062 me
1295 1024 1388 1062 fuat.
1587 1023 1673 1066 1085

231 1095 304 1132 M1.
338 1092 521 1131 festiuom
543 1091 693 1130 facinus
715 1091 823 1129 uenit
846 1091 940 1129 mihi
962 1090 1003 1128 in
1024 1097 1197 1129 mentem
1221 1090 1352 1128 modo.

230 1160 312 1197 HA.
345 1157 441 1209 quid
473 1157 512 1196 id
547 1158 634 1196 est?
692 1158 765 1195 M1.
799 1157 865 1195 tua
899 1163 1017 1207 opust
1051 1168 1180 1206 opera.
1243 1156 1323 1192 HA.
1356 1153 1421 1192 dic
1455 1152 1566 1201 mihi,

1309 1219 1406 1270 quid
1426 1219 1535 1258 lubet
1549 1220 1566 1257 ?

230 1290 407 1340 profecto
428 1287 557 1335 uteris,
581 1295 622 1326 ut
644 1289 764 1335 uoles,
788 1301 947 1338 operam
971 1300 1111 1326 meam.

230 1354 327 1405 quid
347 1362 406 1393 est
426 1353 588 1404 negoti?
646 1355 718 1391 M1.
752 1353 862 1403 potin
884 1361 925 1391 tu
948 1352 1029 1391 fieri
1051 1352 1272 1390 subdolus?

149 1432 210 1462 130
232 1422 312 1458 HA.
346 1418 506 1457 inimico
527 1431 700 1469 possum,
723 1418 890 1457 amicOst
911 1417 1145 1467 insipientia.
1586 1430 1677 1465 1090

230 1487 304 1523 M1.
337 1484 519 1523 inimicus
540 1485 670 1523 hercle
691 1492 749 1522 est
769 1483 909 1522 huiius.
971 1485 1052 1521 HA.
1085 1484 1187 1521 male
1207 1482 1324 1520 faxim
1345 1482 1497 1520 lubens.

232 1552 304 1589 M1.
335 1558 441 1588 amat
461 1550 513 1588 ab
532 1550 677 1588 lenone
697 1549 771 1587 hic.
834 1551 914 1587 HA.
949 1550 1076 1587 facere
1097 1548 1292 1598 sapienter
1313 1556 1420 1598 puto.

232 1619 305 1655 M1.
337 1618 429 1655 leno
449 1616 513 1655 hic
534 1616 684 1655 habitat
706 1615 869 1654 uicinus.
931 1617 1012 1653 HA.
1046 1616 1147 1653 male
1169 1615 1286 1653 faxim
1307 1614 1459 1653 lubens.

234 1683 306 1720 M1.
338 1681 374 1720 ei
394 1683 497 1720 duae
517 1682 671 1731 puellae
692 1689 781 1719 sunt
803 1680 1025 1720 meretrices
1046 1681 1222 1719 seruolae

151 1758 210 1791 135
232 1759 406 1785 sorores:
437 1760 569 1785 earum
591 1746 655 1784 hic
675 1748 836 1785 alteram
858 1746 1040 1785 ecflictim
1063 1745 1161 1796 perit
1585 1755 1671 1793 1095

232 1826 361 1862 neque
381 1825 469 1850 eam
491 1810 697 1850 incestauit
720 1825 921 1862 umquam.
984 1812 1065 1849 HA.
1097 1811 1239 1850 acerba
1258 1810 1452 1850 amatiost.

233 1879 305 1916 M1.
339 1879 444 1916 hunc
464 1878 555 1915 leno
576 1877 808 1915 ludificatur.
870 1878 950 1914 HA.
984 1890 1097 1914 suom
1120 1885 1327 1926 quaestum
1349 1876 1452 1914 colit.

232 1944 305 1980 M1.
339 1942 401 1980 hic
424 1942 476 1980 illi
498 1943 641 1980 malam
663 1956 743 1980 rem
766 1943 859 1980 dare
879 1943 973 1980 uolt.
1036 1943 1116 1979 HA.
1150 1941 1283 1991 frugist
1305 1941 1336 1979 si
1357 1941 1397 1980 id
1417 1940 1519 1979 facit.

278 2055 360 2085 1075
385 2047 516 2086 inspice
534 2047 597 2078 iani
613 2047 688 2078 PCD
771 2047 852 2086 sort.
869 2047 1022 2077 ostende.
1039 2045 1126 2088 (Aa.
1141 2044 1324 2088 ostendo.)
1340 2045 1470 2085 inspice
1487 2044 1561 2075 iam.

233 2090 301 2121 HA.
329 2091 421 2129 aperi
511 2092 608 2131 ades]
636 2092 739 2122 audes
763 2091 793 2122 Τ
810 2094 847 2121 u!
868 2090 931 2121 vid.
1046 2090 1102 2120 vix
1117 2090 1210 2129 aperi
1232 2107 1271 2111 —
1285 2090 1413 2120 audes?
1444 2089 1509 2124 ive!
1533 2089 1561 2119 si

229 2134 498 2173 audesi—-atque
532 2136 628 2166 adest
643 2138 649 2166 ῑ
803 2144 884 2173 1077
922 2133 1013 2172 ‘sot-t.
1047 2133 1274 2174 Agoraslocles
1304 2131 1463 2172 loquitur-¹
1498 2131 1562 2162 Leo

233 2178 315 2216 1078
340 2178 427 2208 bene
461 2179 605 2209 uertisse
650 2177 786 2209 Mueller
824 2178 958 2215 (Rlaein,
996 2176 1084 2207 [ilus.
1122 2187 1174 2215 54.
1206 2178 1300 2216 528}
1325 2176 1416 2206 dt'ctr'o
1440 2177 1561 2206 usitata

233 2229 317 2261 1079
347 2222 406 2252 sed
434 2223 517 2257 (soti
548 2222 690 2253 Pam-u„
730 2227 763 2253 et
788 2222 853 2253 cod.
1002 2222 1084 2252 1080
1108 2221 1203 2251 reddi
1237 2220 1304 2252 filio
1335 2220 1417 2257 cod.,
1447 2224 1557 2250 contra

231 2270 376 2297 metrum
391 2270 482 2304 (sorr.
498 2265 566 2303 D1)
663 2266 742 2297 1084
762 2265 922 2296 habitabit
936 2263 1092 2304 Pylades:
1112 2264 1202 2295 habit
1215 2263 1281 2295 cod.
1296 2265 1354 2305 (ni.
1367 2264 1401 2301 3⁸:
1476 2264 1548 2294 108·

229 2309 280 2339 vel
293 2315 382 2340 tuast
400 2320 484 2349 opus
501 2322 507 2340 :
532 2314 554 2342 t.
571 2320 612 2340 eo
626 2316 726 2348 opust
741 2308 875 2340 Mueller
887 2307 1019 2348 (le'n.
1039 2308 1125 2338 Mus.
1143 2318 1194 2347 54.
1210 2309 1286 2347 5295
1380 2317 1463 2346 1090
1481 2307 1543 2337 insi

231 2353 358 2391 pientia
377 2359 427 2383 est
445 2354 510 2384 cod.
525 2366 530 2383 ε
556 2354 629 2385 Ιναί.
642 2352 780 2393 Pyladrs
904 2362 983 2390 1092
1007 2351 1165 2382 allenone
1177 2352 1276 2391 (ale-,⁸
1291 2349 1357 2382 cod.
1447 2350 1559 2381 facere

233 2395 461 2427 Camerarius:
491 2397 593 2427 sacele
610 2396 674 2429 cod.
692 2401 728 2427 ut
743 2396 807 2427 vid.
894 2405 974 2434 1095
992 2396 1090 2434 periit
1110 2395 1175 2426 cod.
1243 2406 1266 2426 e.
1285 2396 1389 2434 periti
1478 2404 1558 2434 1097

230 2440 318 2471 hunc
331 2439 427 2470 Pius:
446 2451 463 2470 11
470 2451 531 2472 unc
544 2441 607 2472 cod.
623 2441 738 2483 (Npro
751 2440 801 2470 Hi
876 2440 956 2479 1098
973 2439 1091 2477 frugist
1105 2438 1254 2469 Mueller:
1275 2438 1360 2478 frugi
1372 2437 1436 2469 cod.
1452 2437 1558 2480 <iii.3)
