1747 2740
697 119 938 161 STICHVS
1450 120 1479 159 Ι.
1503 121 1532 158 ii

145 236 222 274 AN.
255 235 398 285 edepol
438 247 509 272 uos
550 232 682 283 lepide
730 231 922 282 temptaui
973 239 1231 281 nostrumque
1280 231 1482 282 ingenium

1337 296 1479 347 ingeni.

143 367 213 405 sed
240 366 317 404 hoc
344 372 402 404 est
427 366 535 415 quod
565 365 616 404 ad
645 379 717 404 uos
745 365 865 405 uenio
892 364 1082 415 quodque
1111 376 1195 401 esse
1225 363 1362 401 ambas
1392 375 1483 400 con·
1505 374 1544 406 70

1204 434 1343 466 uentas
1364 428 1458 466 uolo
1475 442 1482 465 :

144 496 197 535 mi
217 504 397 536 auctores
419 496 472 535 ita
492 503 583 534 sunt
603 496 733 544 amici,
756 505 798 535 ut
821 510 892 535 uos
915 494 1007 533 hinc
1028 494 1226 532 abducam
1247 494 1424 532 domum.

145 564 249 601 PAM.
281 569 320 600 at
341 561 447 600 enim
468 575 541 601 nos
562 576 729 612 quarum
751 577 810 601 res
831 561 957 612 agitur
977 559 1088 598 aliter
1107 566 1288 597 auctores
1307 572 1456 596 sumus.

57 639 124 674 130
144 642 235 666 nam
256 635 323 666 aut
344 627 450 675 olim,
474 627 548 666 nisi
569 628 641 667 tibi
663 629 885 679 placebant,
909 640 990 665 non
1012 626 1124 664 datas
1145 624 1320 675 oportuit

141 700 209 731 aut
230 706 336 731 nunc
357 706 437 730 non
458 701 667 743 aequomst
688 693 848 741 abduci,
869 700 989 743 pater,
1014 690 1135 729 illisce
1155 689 1397 741 apsentibus.

142 759 221 796 AN.
254 772 379 797 uosne
400 771 473 808 ego
494 758 619 809 patiar
639 773 731 797 cum
753 757 947 797 mendicis
970 763 1113 807 nuptas
1136 769 1199 794 me
1221 755 1316 795 uiuo
1338 755 1459 794 uiris?
1507 769 1542 803 75

144 825 250 862 PAM.
281 825 410 874 placet
449 823 513 863 ille
553 838 664 863 meus
705 824 802 863 mihi
838 822 1068 863 mendicus:
1111 823 1194 861 suo'
1229 836 1293 860 rex
1328 821 1484 871 reginae

1342 889 1481 937 placet.

142 955 248 995 idem
269 955 442 994 animust
463 955 502 994 in
524 964 755 1007 paupertate
776 955 843 1007 qui
865 955 960 995 olim
982 954 1020 993 in
1043 954 1191 994 diuitiis
1213 953 1308 992 fuit:

57 1036 119 1073 135
142 1023 221 1060 AN.
253 1035 379 1060 nosne
401 1023 570 1061 latrones
593 1030 630 1061 et
654 1022 860 1061 mendicos
883 1020 1066 1059 homines
1089 1019 1221 1070 magni
1242 1018 1446 1069 penditis?

143 1088 248 1124 PAM.
281 1100 362 1125 non
385 1094 425 1125 tu
448 1101 511 1126 me
531 1095 694 1137 argento
715 1086 872 1133 dedisti,
897 1085 1048 1136 opinor,
1073 1092 1255 1134 nuptum,
1277 1085 1346 1123 sed
1368 1084 1463 1122 uiro.

142 1153 221 1190 AN.
245 1152 342 1203 quid
355 1152 442 1191 illos
456 1153 690 1202 exspectatis
705 1152 771 1203 qui
786 1151 932 1190 abhinc
950 1151 1026 1189 iam
1041 1150 1223 1189 abierunt
1237 1150 1449 1189 triennium
1465 1152 1480 1188 ?
1500 1153 1542 1184 80

141 1217 237 1267 quin
259 1231 331 1256 uos
352 1217 489 1268 capitis
511 1217 791 1257 condicionem
813 1231 859 1256 ex
881 1230 1066 1268 pessuma
1088 1215 1345 1267 primariam?

142 1285 243 1321 PAN.
277 1282 485 1330 stultitiast,
512 1291 630 1334 pater,
655 1291 844 1322 uenatum
867 1283 1012 1322 ducere
1034 1281 1179 1320 inuitas
1202 1295 1331 1320 canes.

57 1363 124 1398 140
142 1348 265 1387 hostis
286 1355 344 1387 est
365 1362 461 1387 uxor
482 1348 606 1387 inuita
626 1351 728 1400 quae
749 1350 800 1388 ad
822 1349 949 1387 uirum
971 1356 1142 1399 nuptum
1163 1349 1289 1387 datur.

142 1416 221 1453 AN.
253 1422 457 1453 Certumne
489 1422 547 1454 est
579 1423 759 1454 neutram
795 1422 1016 1454 nostrarum
1052 1413 1235 1465 persequi
1270 1413 1480 1464 imperium

1332 1480 1451 1531 patris
1465 1482 1481 1518 ?

142 1548 242 1585 PAN.
275 1547 556 1598 persequimur,
580 1561 672 1585 nam
694 1561 774 1597 quo
795 1546 939 1586 dedisti
961 1554 1129 1597 nuptum
1151 1546 1260 1585 abire
1280 1547 1477 1586 nolumus.
1501 1550 1540 1589 85

141 1613 219 1650 AN.
252 1613 355 1651 bene
376 1614 514 1652 ualete.
577 1612 643 1651 ibo
664 1620 783 1662 atque
804 1612 941 1651 amicis
963 1620 1097 1650 uostra
1117 1611 1283 1651 consilia
1304 1613 1476 1662 eloquar.

142 1679 242 1716 ΡΑΝ.
274 1678 477 1729 probiores
499 1679 619 1717 credo
639 1678 897 1725 arbitrabunt‚
916 1677 947 1715 si
968 1677 1101 1728 probis
1123 1677 1349 1716 narraueris.

57 1753 118 1790 145
140 1744 218 1781 AN.
243 1751 374 1782 curate
396 1743 510 1794 igitur
530 1743 759 1782 familiarem
778 1757 858 1782 rem
881 1751 922 1781 ut
944 1742 1107 1793 potestis
1129 1750 1302 1793 optume.

142 1810 243 1847 PAN.
276 1822 382 1848 nunc
403 1810 546 1860 places,
565 1822 687 1859 quom
706 1816 810 1848 recte
827 1816 1023 1847 monstras
1039 1823 1049 1856 3
1078 1822 1185 1847 nunc
1202 1808 1272 1847 tibi
1288 1810 1480 1847 ausculta<

1334 1874 1475 1914 bimus.

140 1953 259 1987 nunc,
277 1954 395 1988 soror,
412 1942 601 1980 abeamus
617 1941 729 1980 intro.
777 1943 882 1980 PAM.
907 1942 1029 1979 immo
1051 1939 1278 1979 internisam
1296 1941 1473 1980 domum.
1497 1956 1540 1987 90

141 2005 172 2044 si
192 2020 215 2044 a
236 2006 320 2044 uiro
342 2006 413 2044 tibi
434 2008 532 2045 forte
554 2006 686 2045 ueniet
709 2007 879 2054 nuntius,
906 2007 1025 2046 facito
1046 2015 1087 2045 ut
1109 2006 1300 2045 sciam.—

143 2072 243 2109 PAN.
276 2085 406 2122 neque
427 2085 500 2121 ego
521 2080 558 2110 te
579 2073 718 2111 celabo
740 2086 869 2122 neque
892 2081 932 2110 tu
956 2086 1019 2111 me
1040 2071 1199 2111 celassis
1221 2073 1329 2122 quod
1350 2071 1460 2111 scias

189 2184 248 2214 133
266 2174 345 2206 mihi
360 2185 454 2205 meus
469 2175 500 2205 A
554 2176 717 2206 mendicis
735 2175 832 2216 mes.
845 2187 875 2207 v.
892 2178 966 2217 132)
1044 2178 1104 2215 136
1122 2187 1174 2207 me
1188 2182 1223 2207 tu
1237 2176 1270 2206 P
1313 2176 1363 2207 vel
1372 2178 1476 2216 opino

146 2229 207 2257 140
229 2219 271 2249 ad
289 2219 416 2259 uirum]
436 2219 510 2249 uiro
527 2219 559 2249 A
581 2219 684 2259 (quod
707 2221 923 2250 retractatoris
943 2230 1008 2250 csse
1028 2220 1125 2260 credo,
1146 2221 1187 2251 ad
1210 2222 1318 2251 uirum
1342 2220 1473 2254 Plana)

146 2272 204 2301 144
229 2263 347 2305 credo]
372 2273 452 2293 uero
480 2263 611 2294 Nom'ns
635 2273 698 2302 470
724 2264 844 2299 <citatio
868 2264 1051 2304 neglegens)
1218 2275 1276 2304 145
1302 2270 1419 2304 qurato
1444 2264 1476 2294 B

142 2305 226 2336 ΡΑΝ.
254 2312 322 2347 opt.
352 2306 468 2348 Lange
606 2308 664 2346 146
689 2307 798 2347 placet
826 2306 860 2337 P
981 2308 1243 2340 auscultauimus
1271 2309 1303 2338 A
1415 2319 1475 2347 149

140 2349 227 2380 scies
244 2350 277 2380 P
