1747 2740
528 167 699 205 MILES
730 166 1045 204 GLORIOSVS
1390 169 1458 206 IV.
1479 168 1526 206 vi

125 282 198 319 Mi.
230 279 396 330 aspicito
417 278 530 325 limis,
554 292 604 316 ne
625 277 689 316 ille
710 290 783 315 nos
804 290 846 315 se
868 277 1010 316 sentiat
1032 277 1179 316 uidere.

124 348 196 384 Ac.
229 345 358 384 uideo.
409 345 552 394 edepol
574 357 680 381 nunc
702 356 774 380 nos
791 349 948 393 tempus
971 350 1029 381 est
1050 345 1172 381 malas
1194 343 1347 394 peiores
1368 344 1462 383 fieri.

125 414 198 450 M1.
232 417 379 449 tuomst
410 408 658 460 principium.
719 410 792 446 AC.
837 409 1016 458 opsecro,
1049 416 1132 447 tute
1164 409 1293 459 ipsum
1321 424 1464 448 conue-

1343 475 1431 513 nisti
1449 477 1466 514 ?

16 559 106 586 1220
124 556 174 580 ne
194 555 311 592 parce
329 554 483 587 uocem,
507 546 548 578 ut
568 538 714 578 audiat.
776 541 849 577 M1.
883 552 974 577 eum
997 538 1084 589 ipso
1104 541 1171 590 pol
1193 554 1280 578 sum
1302 542 1444 588 locuta,
1487 556 1504 588 5

124 606 291 657 placide,
314 606 422 655 ipsae
442 606 539 643 dum
560 604 730 642 lubitum
752 611 811 643 est
833 603 943 652 mihi,
961 604 1098 652 otiose,
1123 619 1214 644 meo
1234 606 1434 645 arbitratu.

123 673 196 710 ΡΥ.
224 671 346 710 audin
381 684 483 720 quae
515 670 721 720 loquitur?
794 671 862 708 ΡΑ.
909 670 1041 709 audio.
1113 684 1232 721 quam
1273 673 1374 710 laeta
1406 680 1464 710 est

1139 737 1231 786 quia
1252 739 1319 776 ted
1339 737 1436 776 adiit
1453 739 1463 776 l.

122 804 197 842 Ac.
229 815 265 850 o,
302 803 501 840 fortunata
533 801 673 839 mulier
702 814 743 839 es
761 803 768 839 1
827 802 896 840 ΡΥ.
929 809 972 840 ut
1007 801 1129 839 amari
1162 802 1324 841 uideor!
1393 805 1462 841 ΡΑ.

1297 868 1462 918 dignu⁷s.

122 936 195 972 Ac.
228 933 441 985 permirum
463 939 617 971 ecastor
637 932 842 983 praedicas
864 940 903 970 te
922 932 1068 972 adiisse
1088 941 1208 983 atque
1229 947 1409 972 exorasse
1426 949 1437 982 3

15 1015 100 1053 1225
122 1013 192 1050 per
207 999 415 1050 epistulam
436 1006 504 1036 aut
524 1012 594 1048 per
613 997 809 1045 nuntium,
829 998 941 1048 quasi
958 1012 1099 1049 regem,
1117 999 1215 1037 adiri
1231 1013 1322 1037 eum
1339 999 1460 1038 aiunt.
1488 1013 1526 1035 10

123 1067 196 1104 M1.
230 1078 403 1115 namque
438 1065 581 1114 edepol
616 1063 681 1102 uix
715 1063 787 1101 fuit
826 1063 944 1114 copia
981 1065 1156 1104 adeundi
1191 1073 1310 1115 atque
1344 1064 1465 1116 impe-

1321 1131 1460 1170 trandi.

122 1198 191 1235 PA.
225 1203 267 1235 ut
292 1204 334 1235 tu
355 1195 538 1234 inclutu’s
558 1196 666 1245 apud
687 1194 871 1234 mulieres
892 1198 898 1234 ἔ
957 1198 1026 1234 Pv.
1060 1196 1195 1247 patiar,
1218 1198 1381 1247 quando
1411 1197 1464 1235 ita

1207 1264 1344 1301 Venus
1365 1264 1459 1301 uolt.

121 1331 194 1368 Ac.
226 1328 373 1367 Veneri
393 1329 460 1378 pol
481 1328 611 1366 habeo
632 1327 808 1377 gratiam,
832 1328 1084 1378 eandemque
1105 1337 1143 1367 et
1164 1342 1234 1367 oro
1254 1337 1292 1367 et
1314 1342 1462 1379 quaeso

122 1403 164 1434 ut
185 1394 283 1434 eiius
303 1393 401 1432 mihi
422 1393 472 1432 sit
492 1393 608 1443 copia
628 1406 748 1443 quem
769 1406 861 1431 amo
883 1407 1085 1444 quemque
1106 1402 1313 1444 expetesso

15 1476 104 1512 1230
123 1459 399 1509 benignusque
419 1471 509 1508 erga
530 1471 593 1496 me
614 1457 697 1504 siet,
717 1459 826 1508 quod
847 1458 1005 1509 cupiam
1027 1473 1077 1498 ne
1097 1467 1289 1509 grauetur.
1487 1477 1524 1510 15

124 1526 198 1563 M1.
230 1537 346 1575 spero
372 1523 426 1562 ita
448 1524 638 1571 futurum,
659 1536 903 1573 quamquam
931 1525 1079 1563 multae
1106 1524 1217 1563 illum
1247 1524 1321 1564 sibi
1352 1538 1464 1576 expe-

1286 1598 1464 1629 tessunt:

123 1656 188 1695 ille
209 1656 293 1694 illas
315 1654 473 1705 spernit,
498 1661 674 1704 segregat
696 1655 814 1693 hasce
836 1654 978 1702 omnis,
1003 1663 1109 1693 extra
1131 1663 1168 1694 te
1189 1669 1320 1694 unam.

124 1724 197 1761 Ac.
229 1734 322 1772 ergo
342 1720 415 1758 iste
438 1728 566 1758 metus
589 1733 652 1757 me
674 1727 857 1767 macerat,
882 1721 991 1770 quod
1014 1720 1077 1759 ille
1099 1721 1353 1769 fastidiosum,

124 1801 174 1827 ne
195 1786 300 1826 oculi
321 1785 418 1825 eiius
440 1784 677 1824 sententiam
699 1793 865 1833 mutent,
889 1785 957 1825 ubi
978 1785 1120 1825 uiderit
1142 1800 1215 1834 me,

14 1867 100 1904 1²35
122 1861 242 1903 atque
263 1851 360 1891 eiius
382 1851 576 1902 elegantia
598 1865 728 1890 meam
750 1851 951 1902 externplo
973 1852 1146 1902 speciem
1168 1859 1336 1902 spernat.
1484 1869 1524 1891 20

169 1968 251 1998 1217
284 1957 425 1997 aspicite
450 1956 514 1988 cod.
642 1957 731 1988 limis
750 1957 891 1998 [oculis]
922 1956 989 1990 cod,
1010 1957 1066 1996 (iv.
1092 1957 1150 1993 15:
1176 1968 1226 1989 oc.
1247 1957 1304 1988 del.
1331 1957 1465 1989 Gm'etus

122 2003 240 2034 uidere
254 2002 400 2032 sentiant
417 2001 506 2032 cod:
532 2012 611 2032 corr.
632 2001 720 2040 Ital„
742 2001 822 2032 Reiz
924 2003 1006 2031 1218
1031 2002 1112 2031 fiere
1128 2001 1160 2031 Β
1262 2011 1345 2041 1219
1371 2007 1463 2033 tuom

122 2057 206 2087 espa
223 2046 381 2085 incipium
402 2048 437 2085 (t.
462 2050 514 2076 est
537 2045 667 2076 initium
692 2045 784 2085 PCD)
810 2044 900 2076 cod:
924 2056 1004 2076 corr.
1033 2045 1245 2076 Camerarius
1381 2056 1463 2076 122ο

122 2100 241 2122 uocem
274 2093 411 2120 testatur
430 2089 525 2120 schol.
546 2089 632 2120 Aen.
660 2099 707 2128 10,
732 2099 816 2129 532:
843 2089 918 2119 uoci
946 2094 1059 2128 ‘sparce
1089 2089 1178 2120 uictu
1199 2089 1312 2120 audiat
1331 2089 1378 2129 Β)
1396 2090 1462 2120 cod.

121 2134 234 2165 locuta
248 2133 435 2165 saracenus
450 2145 456 2163 τ
482 2139 600 2165 secuta
613 2133 678 2164 cod.
786 2144 864 2164 1221
891 2144 968 2164 meo
986 2143 1055 2173 &me
1069 2133 1115 2172 B>
1135 2133 1298 2164 arbitratu
1319 2134 1460 2164 <arbitrii

121 2178 168 2220 Β)
180 2178 232 2220 [ut
250 2178 356 2218 uolui]
386 2178 452 2209 cod.
473 2179 529 2218 (iv.
550 2179 579 2217 1)
598 2189 603 2208 :
632 2183 667 2208 ut
684 2178 749 2209 uol.
771 2179 830 2210 del.
852 2177 933 2208 Reiz
1081 2188 1164 2208 1222
1181 2188 1212 2217 q.
1232 2178 1273 2207 ad
1286 2177 1362 2208 teB
1379 2180 1459 2209 (om.

122 2223 219 2258 adiit)
244 2223 340 2263 (lpro
356 2222 436 2253 adiit
453 2224 502 2261 te)
606 2233 688 2263 1223
713 2224 834 2253 mulier
851 2224 902 2264 es]
927 2223 1079 2253 mulieris
1095 2222 1172 2262 Bm.
1194 2233 1213 2260 4
1230 2233 1236 2257 ;
1261 2233 1289 2253 v.
1304 2232 1334 2261 9,
1355 2232 1384 2261 p.
1403 2223 1460 2262 70)

122 2265 234 2297 dubito
258 2277 302 2296 tm
328 2270 402 2297 recte
420 2266 666 2307 (nominativus
683 2268 853 2306 antiquus}
882 2278 981 2307 neque
1003 2272 1049 2297 est
1072 2267 1291 2307 cut-corrtgas
1313 2276 1332 2296 0
1357 2266 1459 2296 fortu-

124 2315 223 2340 natae
240 2309 394 2341 mulieris
484 2311 605 2349 dignus
622 2315 675 2341 est
691 2310 758 2342 cod.
868 2322 949 2349 1224
974 2312 1109 2342 audisse
1126 2311 1191 2342 cod.
1289 2311 1371 2340 1228
1389 2315 1458 2340 tan-

124 2355 270 2394 demque
286 2364 390 2385 exoro
410 2353 481 2383 ΡΟ)
633 2364 715 2393 1229
740 2359 884 2393 expetes
901 2360 977 2385 sunt
996 2355 1026 2384 B
1061 2356 1096 2395 cf
1124 2356 1220 2394 1231)
1378 2364 1460 2392 1230

123 2397 204 2440 (ut)
220 2408 246 2429 s.
266 2397 396 2428 Merula
493 2407 569 2436 1231
598 2397 687 2427 illum
708 2398 831 2427 multae
848 2398 916 2429 cod.
935 2411 940 2428 :
966 2399 1036 2430 trai.
1063 2397 1202 2429 Mueller
1223 2399 1320 2429 metri
1340 2408 1458 2429 causa:

123 2452 200 2472 eum
218 2442 342 2472 multae
358 2441 491 2479 Bentley
619 2450 701 2479 1232
726 2442 828 2472 hasce
846 2442 1031 2482 vixplacel:
1057 2442 1098 2473 ab
1117 2452 1153 2473 se
1169 2442 1243 2473 Ital.
1378 2452 1459 2483 1233

122 2485 173 2521 vel
187 2484 231 2516 ill'
251 2485 300 2516 vel
314 2485 380 2518 illic
