<?xml version="1.0" encoding="UTF-8"?>
<!DOCTYPE html PUBLIC "-//W3C//DTD XHTML 1.0 Transitional//EN"
    "http://www.w3.org/TR/xhtml1/DTD/xhtml1-transitional.dtd">
<html xmlns="http://www.w3.org/1999/xhtml" xml:lang="en" lang="en">
 <head>
  <title>
</title>
<meta http-equiv="Content-Type" content="text/html;charset=utf-8" />
  <meta name='ocr-system' content='tesseract 3.04.00' />
  <meta name='ocr-capabilities' content='ocr_page ocr_carea ocr_par ocr_line ocrx_word'/>
</head>
<body>
  <div class='ocr_page' id='page_1' title='image "./comoediaerecogno02plau_0379.png"; bbox 0 0 1747 2740; ppageno 0'>
   <div class='ocr_carea' id='block_1_1' title="bbox 694 137 1544 178">
    <p class='ocr_par' dir='ltr' id='par_1_1' title="bbox 694 137 1544 178">
     <span class='ocr_line' id='line_1_1' title="bbox 694 137 1544 178; baseline -0.005 0"><span class='ocrx_word' id='word_1_1' title='bbox 694 141 920 178; x_wconf 90' lang='lat' dir='ltr'>RVDENS</span> <span class='ocrx_word' id='word_1_2' title='bbox 1398 137 1476 176; x_wconf 91' lang='grc' dir='ltr'>ΙΙΙ.</span> <span class='ocrx_word' id='word_1_3' title='bbox 1497 137 1544 174; x_wconf 82' lang='grc' dir='ltr'>ἰν</span> 
     </span>
    </p>
   </div>
   <div class='ocr_carea' id='block_1_2' title="bbox 55 248 1544 2066">
    <p class='ocr_par' dir='ltr' id='par_1_2' title="bbox 55 248 1544 2066">
     <span class='ocr_line' id='line_1_2' title="bbox 143 248 1344 304; baseline -0.004 -13"><span class='ocrx_word' id='word_1_4' title='bbox 143 251 216 292; x_wconf 88' lang='lat' dir='ltr'>nisi</span> <span class='ocrx_word' id='word_1_5' title='bbox 237 252 319 292; x_wconf 89' lang='lat' dir='ltr'>scio</span> <span class='ocrx_word' id='word_1_6' title='bbox 340 252 564 304; x_wconf 86' lang='lat' dir='ltr'>probiorem</span> <span class='ocrx_word' id='word_1_7' title='bbox 586 252 689 290; x_wconf 87' lang='lat' dir='ltr'>hanc</span> <span class='ocrx_word' id='word_1_8' title='bbox 709 263 794 289; x_wconf 87' lang='lat' dir='ltr'>esse</span> <span class='ocrx_word' id='word_1_9' title='bbox 814 262 934 300; x_wconf 86' lang='lat' dir='ltr'>quam</span> <span class='ocrx_word' id='word_1_10' title='bbox 956 257 1005 297; x_wconf 84' lang='lat' dir='ltr'>te,</span> <span class='ocrx_word' id='word_1_11' title='bbox 1028 248 1344 299; x_wconf 88' lang='lat' dir='ltr'>inpuratissume.</span> 
     </span>
     <span class='ocr_line' id='line_1_3' title="bbox 143 313 1478 364; baseline -0.004 -7"><span class='ocrx_word' id='word_1_12' title='bbox 143 319 215 357; x_wconf 80' lang='lat' dir='ltr'>LA.</span> <span class='ocrx_word' id='word_1_13' title='bbox 249 321 338 357; x_wconf 76' lang='lat' dir='ltr'>tuae</span> <span class='ocrx_word' id='word_1_14' title='bbox 368 316 463 356; x_wconf 80' lang='lat' dir='ltr'>istae</span> <span class='ocrx_word' id='word_1_15' title='bbox 491 318 611 355; x_wconf 86' lang='lat' dir='ltr'>sunt?</span> <span class='ocrx_word' id='word_1_16' title='bbox 667 317 743 354; x_wconf 63' lang='grc' dir='ltr'>ΤΗ.</span> <span class='ocrx_word' id='word_1_17' title='bbox 776 316 976 354; x_wconf 79' lang='lat' dir='ltr'><strong>contende</strong></span> <span class='ocrx_word' id='word_1_18' title='bbox 1006 328 1098 364; x_wconf 83' lang='lat' dir='ltr'>ergo</span> <span class='ocrx_word' id='word_1_19' title='bbox 1127 322 1212 353; x_wconf 90' lang='lat' dir='ltr'>uter</span> <span class='ocrx_word' id='word_1_20' title='bbox 1242 313 1289 352; x_wconf 85' lang='lat' dir='ltr'>sit</span> <span class='ocrx_word' id='word_1_21' title='bbox 1317 321 1478 364; x_wconf 73' lang='lat' dir='ltr'>tergo—</span> 
     </span>
     <span class='ocr_line' id='line_1_4' title="bbox 1327 378 1478 417; baseline -0.007 0"><span class='ocrx_word' id='word_1_22' title='bbox 1327 378 1478 417; x_wconf 83' lang='lat' dir='ltr'>uerior:</span> 
     </span>
     <span class='ocr_line' id='line_1_5' title="bbox 143 445 1112 496; baseline -0.002 -11"><span class='ocrx_word' id='word_1_23' title='bbox 143 446 183 485; x_wconf 94' lang='lat' dir='ltr'>ni</span> <span class='ocrx_word' id='word_1_24' title='bbox 204 448 502 487; x_wconf 80' lang='lat' dir='ltr'>offerrumentas</span> <span class='ocrx_word' id='word_1_25' title='bbox 524 445 690 485; x_wconf 79' lang='lat' dir='ltr'>habebis</span> <span class='ocrx_word' id='word_1_26' title='bbox 711 445 832 496; x_wconf 85' lang='lat' dir='ltr'>pluris</span> <span class='ocrx_word' id='word_1_27' title='bbox 853 445 892 483; x_wconf 90' lang='lat' dir='ltr'>in</span> <span class='ocrx_word' id='word_1_28' title='bbox 914 453 1022 496; x_wconf 80' lang='lat' dir='ltr'>tergo</span> <span class='ocrx_word' id='word_1_29' title='bbox 1043 452 1112 483; x_wconf 89' lang='lat' dir='ltr'>tuo</span> 
     </span>
     <span class='ocr_line' id='line_1_6' title="bbox 142 508 1479 563; baseline -0.004 -12"><span class='ocrx_word' id='word_1_30' title='bbox 142 526 263 563; x_wconf 88' lang='lat' dir='ltr'>quarn</span> <span class='ocrx_word' id='word_1_31' title='bbox 284 514 362 551; x_wconf 90' lang='lat' dir='ltr'>ulla</span> <span class='ocrx_word' id='word_1_32' title='bbox 383 512 495 551; x_wconf 90' lang='lat' dir='ltr'>nauis</span> <span class='ocrx_word' id='word_1_33' title='bbox 517 513 633 562; x_wconf 87' lang='lat' dir='ltr'>longa</span> <span class='ocrx_word' id='word_1_34' title='bbox 654 512 800 558; x_wconf 84' lang='lat' dir='ltr'>clauos,</span> <span class='ocrx_word' id='word_1_35' title='bbox 823 518 908 549; x_wconf 84' lang='lat' dir='ltr'>turn</span> <span class='ocrx_word' id='word_1_36' title='bbox 929 523 1003 560; x_wconf 84' lang='lat' dir='ltr'>ego</span> <span class='ocrx_word' id='word_1_37' title='bbox 1024 523 1091 548; x_wconf 89' lang='lat' dir='ltr'>ero</span> <span class='ocrx_word' id='word_1_38' title='bbox 1112 508 1479 548; x_wconf 86' lang='lat' dir='ltr'>mendacissumus:</span> 
     </span>
     <span class='ocr_line' id='line_1_7' title="bbox 55 574 1544 628; baseline -0.003 -13"><span class='ocrx_word' id='word_1_39' title='bbox 55 591 121 628; x_wconf 82' lang='lat'>755</span> <span class='ocrx_word' id='word_1_40' title='bbox 143 584 281 628; x_wconf 87' lang='lat' dir='ltr'>postea</span> <span class='ocrx_word' id='word_1_41' title='bbox 300 576 467 627; x_wconf 89' lang='lat' dir='ltr'>aspicito</span> <span class='ocrx_word' id='word_1_42' title='bbox 487 589 633 623; x_wconf 84' lang='lat' dir='ltr'>meum,</span> <span class='ocrx_word' id='word_1_43' title='bbox 656 577 819 626; x_wconf 88' lang='lat' dir='ltr'>quando</span> <span class='ocrx_word' id='word_1_44' title='bbox 840 588 914 626; x_wconf 86' lang='lat' dir='ltr'>ego</span> <span class='ocrx_word' id='word_1_45' title='bbox 934 582 1044 613; x_wconf 88' lang='lat' dir='ltr'>tuom</span> <span class='ocrx_word' id='word_1_46' title='bbox 1067 574 1341 624; x_wconf 87' lang='lat' dir='ltr'>inspectauero</span> <span class='ocrx_word' id='word_1_47' title='bbox 1358 590 1365 612; x_wconf 75' lang='grc' dir='ltr'>ε</span> <span class='ocrx_word' id='word_1_48' title='bbox 1502 587 1544 620; x_wconf 89' lang='lat'>50</span> 
     </span>
     <span class='ocr_line' id='line_1_8' title="bbox 142 639 1212 691; baseline -0.003 -11"><span class='ocrx_word' id='word_1_49' title='bbox 142 643 184 680; x_wconf 83' lang='lat' dir='ltr'>ni</span> <span class='ocrx_word' id='word_1_50' title='bbox 203 642 274 681; x_wconf 90' lang='lat' dir='ltr'>erit</span> <span class='ocrx_word' id='word_1_51' title='bbox 295 650 376 680; x_wconf 87' lang='lat' dir='ltr'>tam</span> <span class='ocrx_word' id='word_1_52' title='bbox 396 641 593 680; x_wconf 85' lang='lat' dir='ltr'>sincerum</span> <span class='ocrx_word' id='word_1_53' title='bbox 615 648 658 680; x_wconf 90' lang='lat' dir='ltr'>ut</span> <span class='ocrx_word' id='word_1_54' title='bbox 679 640 809 691; x_wconf 85' lang='lat' dir='ltr'>quiuis</span> <span class='ocrx_word' id='word_1_55' title='bbox 830 640 937 679; x_wconf 85' lang='lat' dir='ltr'>dicat</span> <span class='ocrx_word' id='word_1_56' title='bbox 956 639 1212 690; x_wconf 84' lang='lat' dir='ltr'>ampullarius</span> 
     </span>
     <span class='ocr_line' id='line_1_9' title="bbox 141 704 1385 758; baseline -0.003 -12"><span class='ocrx_word' id='word_1_57' title='bbox 141 714 352 758; x_wconf 86' lang='lat' dir='ltr'>optumum</span> <span class='ocrx_word' id='word_1_58' title='bbox 373 720 459 746; x_wconf 89' lang='lat' dir='ltr'>esse</span> <span class='ocrx_word' id='word_1_59' title='bbox 480 706 588 757; x_wconf 87' lang='lat' dir='ltr'>operi</span> <span class='ocrx_word' id='word_1_60' title='bbox 609 705 797 745; x_wconf 89' lang='lat' dir='ltr'>faciundo</span> <span class='ocrx_word' id='word_1_61' title='bbox 818 705 968 744; x_wconf 90' lang='lat' dir='ltr'>corium</span> <span class='ocrx_word' id='word_1_62' title='bbox 990 713 1028 744; x_wconf 92' lang='lat' dir='ltr'>et</span> <span class='ocrx_word' id='word_1_63' title='bbox 1049 704 1385 752; x_wconf 84' lang='lat' dir='ltr'>sincerissumum,</span> 
     </span>
     <span class='ocr_line' id='line_1_10' title="bbox 141 770 1480 823; baseline -0.002 -13"><span class='ocrx_word' id='word_1_64' title='bbox 141 771 238 822; x_wconf 92' lang='lat' dir='ltr'>quid</span> <span class='ocrx_word' id='word_1_65' title='bbox 259 779 458 811; x_wconf 86' lang='lat' dir='ltr'>caussaest</span> <span class='ocrx_word' id='word_1_66' title='bbox 478 772 575 823; x_wconf 90' lang='lat' dir='ltr'>quin</span> <span class='ocrx_word' id='word_1_67' title='bbox 596 771 713 823; x_wconf 87' lang='lat' dir='ltr'>uirgis</span> <span class='ocrx_word' id='word_1_68' title='bbox 735 780 772 810; x_wconf 88' lang='lat' dir='ltr'>te</span> <span class='ocrx_word' id='word_1_69' title='bbox 794 784 920 822; x_wconf 90' lang='lat' dir='ltr'>usque</span> <span class='ocrx_word' id='word_1_70' title='bbox 940 772 991 810; x_wconf 92' lang='lat' dir='ltr'>ad</span> <span class='ocrx_word' id='word_1_71' title='bbox 1011 770 1254 809; x_wconf 84' lang='lat' dir='ltr'>saturitatem</span> <span class='ocrx_word' id='word_1_72' title='bbox 1276 770 1480 808; x_wconf 86' lang='lat' dir='ltr'>sauciem?</span> 
     </span>
     <span class='ocr_line' id='line_1_11' title="bbox 142 834 1381 888; baseline -0.003 -12"><span class='ocrx_word' id='word_1_73' title='bbox 142 837 239 888; x_wconf 87' lang='lat' dir='ltr'>quid</span> <span class='ocrx_word' id='word_1_74' title='bbox 260 837 344 876; x_wconf 91' lang='lat' dir='ltr'>illas</span> <span class='ocrx_word' id='word_1_75' title='bbox 365 839 549 888; x_wconf 82' lang='lat' dir='ltr'><strong>spectas?</strong></span> <span class='ocrx_word' id='word_1_76' title='bbox 579 850 677 887; x_wconf 88' lang='lat' dir='ltr'>quas</span> <span class='ocrx_word' id='word_1_77' title='bbox 698 837 730 875; x_wconf 89' lang='lat' dir='ltr'>si</span> <span class='ocrx_word' id='word_1_78' title='bbox 750 836 933 887; x_wconf 85' lang='lat' dir='ltr'>attigeris,</span> <span class='ocrx_word' id='word_1_79' title='bbox 957 837 1094 875; x_wconf 88' lang='lat' dir='ltr'>oculos</span> <span class='ocrx_word' id='word_1_80' title='bbox 1116 835 1278 886; x_wconf 84' lang='lat' dir='ltr'>eripiam</span> <span class='ocrx_word' id='word_1_81' title='bbox 1299 834 1381 873; x_wconf 91' lang='lat' dir='ltr'>tibi.</span> 
     </span>
     <span class='ocr_line' id='line_1_12' title="bbox 55 901 1539 953; baseline -0.002 -12"><span class='ocrx_word' id='word_1_82' title='bbox 55 907 125 951; x_wconf 85' lang='lat'>760</span> <span class='ocrx_word' id='word_1_83' title='bbox 145 904 215 941; x_wconf 81' lang='lat' dir='ltr'>LA.</span> <span class='ocrx_word' id='word_1_84' title='bbox 238 902 358 952; x_wconf 89' lang='lat' dir='ltr'>atqui,</span> <span class='ocrx_word' id='word_1_85' title='bbox 375 902 467 953; x_wconf 90' lang='lat' dir='ltr'>quia</span> <span class='ocrx_word' id='word_1_86' title='bbox 488 910 612 949; x_wconf 87' lang='lat' dir='ltr'>uotas,</span> <span class='ocrx_word' id='word_1_87' title='bbox 628 910 836 952; x_wconf 88' lang='lat' dir='ltr'>utramque</span> <span class='ocrx_word' id='word_1_88' title='bbox 853 901 930 940; x_wconf 91' lang='lat' dir='ltr'>iarn</span> <span class='ocrx_word' id='word_1_89' title='bbox 949 914 1105 940; x_wconf 88' lang='lat' dir='ltr'>mecum</span> <span class='ocrx_word' id='word_1_90' title='bbox 1121 901 1319 939; x_wconf 90' lang='lat' dir='ltr'>abducam</span> <span class='ocrx_word' id='word_1_91' title='bbox 1341 901 1477 938; x_wconf 89' lang='lat' dir='ltr'>semul.</span> <span class='ocrx_word' id='word_1_92' title='bbox 1501 911 1539 946; x_wconf 86' lang='lat'>55</span> 
     </span>
     <span class='ocr_line' id='line_1_13' title="bbox 146 965 1481 1018; baseline -0.001 -13"><span class='ocrx_word' id='word_1_93' title='bbox 146 969 222 1007; x_wconf 81' lang='lat' dir='ltr'>DA.</span> <span class='ocrx_word' id='word_1_94' title='bbox 254 967 350 1018; x_wconf 90' lang='lat' dir='ltr'>quid</span> <span class='ocrx_word' id='word_1_95' title='bbox 372 968 520 1006; x_wconf 86' lang='lat' dir='ltr'>facies?</span> <span class='ocrx_word' id='word_1_96' title='bbox 579 969 649 1006; x_wconf 77' lang='lat' dir='ltr'>LA.</span> <span class='ocrx_word' id='word_1_97' title='bbox 682 968 906 1005; x_wconf 84' lang='lat' dir='ltr'>Volcanum</span> <span class='ocrx_word' id='word_1_98' title='bbox 927 967 1137 1012; x_wconf 86' lang='lat' dir='ltr'>adducam,</span> <span class='ocrx_word' id='word_1_99' title='bbox 1161 965 1192 1004; x_wconf 92' lang='lat' dir='ltr'>is</span> <span class='ocrx_word' id='word_1_100' title='bbox 1213 965 1395 1004; x_wconf 83' lang='lat' dir='ltr'>Venerist</span> <span class='ocrx_word' id='word_1_101' title='bbox 1416 966 1481 1004; x_wconf 85' lang='lat' dir='ltr'>ad-</span> 
     </span>
     <span class='ocr_line' id='line_1_14' title="bbox 1273 1030 1479 1070; baseline -0.005 -1"><span class='ocrx_word' id='word_1_102' title='bbox 1273 1030 1479 1070; x_wconf 84' lang='lat' dir='ltr'>uorsariuS.</span> 
     </span>
     <span class='ocr_line' id='line_1_15' title="bbox 141 1096 1481 1149; baseline -0.002 -12"><span class='ocrx_word' id='word_1_103' title='bbox 141 1098 218 1137; x_wconf 84' lang='lat' dir='ltr'>TR.</span> <span class='ocrx_word' id='word_1_104' title='bbox 251 1098 332 1149; x_wconf 79' lang='lat' dir='ltr'>quo</span> <span class='ocrx_word' id='word_1_105' title='bbox 353 1098 430 1137; x_wconf 89' lang='lat' dir='ltr'>illic</span> <span class='ocrx_word' id='word_1_106' title='bbox 452 1098 510 1137; x_wconf 90' lang='lat' dir='ltr'>it?</span> <span class='ocrx_word' id='word_1_107' title='bbox 567 1099 638 1137; x_wconf 81' lang='lat' dir='ltr'>LA.</span> <span class='ocrx_word' id='word_1_108' title='bbox 672 1099 782 1146; x_wconf 85' lang='lat' dir='ltr'>heus,</span> <span class='ocrx_word' id='word_1_109' title='bbox 798 1096 933 1148; x_wconf 87' lang='lat' dir='ltr'>ecquis</span> <span class='ocrx_word' id='word_1_110' title='bbox 954 1097 1018 1136; x_wconf 88' lang='lat' dir='ltr'>hic</span> <span class='ocrx_word' id='word_1_111' title='bbox 1039 1098 1127 1136; x_wconf 86' lang='lat' dir='ltr'>est?</span> <span class='ocrx_word' id='word_1_112' title='bbox 1156 1098 1281 1135; x_wconf 87' lang='lat' dir='ltr'>heus!</span> <span class='ocrx_word' id='word_1_113' title='bbox 1341 1098 1417 1134; x_wconf 68' lang='lat' dir='ltr'>DA.</span> <span class='ocrx_word' id='word_1_114' title='bbox 1450 1096 1481 1134; x_wconf 90' lang='lat' dir='ltr'>si</span> 
     </span>
     <span class='ocr_line' id='line_1_16' title="bbox 1129 1162 1480 1213; baseline -0.003 -12"><span class='ocrx_word' id='word_1_115' title='bbox 1129 1162 1301 1213; x_wconf 86' lang='lat' dir='ltr'>attigeris</span> <span class='ocrx_word' id='word_1_116' title='bbox 1322 1162 1480 1209; x_wconf 88' lang='lat' dir='ltr'>ostium,</span> 
     </span>
     <span class='ocr_line' id='line_1_17' title="bbox 142 1227 1222 1278; baseline 0 -12"><span class='ocrx_word' id='word_1_117' title='bbox 142 1227 220 1266; x_wconf 89' lang='lat' dir='ltr'>iam</span> <span class='ocrx_word' id='word_1_118' title='bbox 242 1229 372 1267; x_wconf 87' lang='lat' dir='ltr'>hercle</span> <span class='ocrx_word' id='word_1_119' title='bbox 393 1228 463 1268; x_wconf 92' lang='lat' dir='ltr'>tibi</span> <span class='ocrx_word' id='word_1_120' title='bbox 486 1228 624 1267; x_wconf 89' lang='lat' dir='ltr'>messis</span> <span class='ocrx_word' id='word_1_121' title='bbox 646 1228 686 1267; x_wconf 92' lang='lat' dir='ltr'>in</span> <span class='ocrx_word' id='word_1_122' title='bbox 707 1241 774 1267; x_wconf 89' lang='lat' dir='ltr'>ore</span> <span class='ocrx_word' id='word_1_123' title='bbox 795 1229 862 1267; x_wconf 89' lang='lat' dir='ltr'>fiet</span> <span class='ocrx_word' id='word_1_124' title='bbox 884 1227 1024 1278; x_wconf 84' lang='lat' dir='ltr'>mergis</span> <span class='ocrx_word' id='word_1_125' title='bbox 1046 1227 1222 1278; x_wconf 75' lang='lat' dir='ltr'>pugneis</span> 
     </span>
     <span class='ocr_line' id='line_1_18' title="bbox 143 1292 1286 1344; baseline 0 -13"><span class='ocrx_word' id='word_1_126' title='bbox 143 1293 215 1331; x_wconf 93' lang='lat' dir='ltr'>Lo.</span> <span class='ocrx_word' id='word_1_127' title='bbox 248 1295 400 1331; x_wconf 89' lang='lat' dir='ltr'>nullum</span> <span class='ocrx_word' id='word_1_128' title='bbox 423 1294 616 1333; x_wconf 84' lang='lat' dir='ltr'>habemus</span> <span class='ocrx_word' id='word_1_129' title='bbox 638 1294 780 1344; x_wconf 86' lang='lat' dir='ltr'>ignem,</span> <span class='ocrx_word' id='word_1_130' title='bbox 806 1293 889 1331; x_wconf 88' lang='lat' dir='ltr'>ficis</span> <span class='ocrx_word' id='word_1_131' title='bbox 910 1292 1136 1331; x_wconf 79' lang='lat' dir='ltr'>uictitamus</span> <span class='ocrx_word' id='word_1_132' title='bbox 1156 1292 1286 1331; x_wconf 88' lang='lat' dir='ltr'>aridis.</span> 
     </span>
     <span class='ocr_line' id='line_1_19' title="bbox 55 1356 1544 1409; baseline 0.001 -14"><span class='ocrx_word' id='word_1_133' title='bbox 55 1360 120 1405; x_wconf 82' lang='lat'>765</span> <span class='ocrx_word' id='word_1_134' title='bbox 145 1359 221 1397; x_wconf 81' lang='lat' dir='ltr'>DA.</span> <span class='ocrx_word' id='word_1_135' title='bbox 254 1371 328 1408; x_wconf 86' lang='lat' dir='ltr'>ego</span> <span class='ocrx_word' id='word_1_136' title='bbox 365 1360 472 1398; x_wconf 90' lang='lat' dir='ltr'>dabo</span> <span class='ocrx_word' id='word_1_137' title='bbox 511 1356 669 1409; x_wconf 85' lang='lat' dir='ltr'>ignem,¹</span> <span class='ocrx_word' id='word_1_138' title='bbox 689 1358 887 1409; x_wconf 85' lang='lat' dir='ltr'>siquidem</span> <span class='ocrx_word' id='word_1_139' title='bbox 927 1358 966 1396; x_wconf 88' lang='lat' dir='ltr'>in</span> <span class='ocrx_word' id='word_1_140' title='bbox 1005 1358 1134 1409; x_wconf 83' lang='lat' dir='ltr'>capite</span> <span class='ocrx_word' id='word_1_141' title='bbox 1173 1366 1242 1396; x_wconf 91' lang='lat' dir='ltr'>tuo</span> <span class='ocrx_word' id='word_1_142' title='bbox 1281 1358 1482 1397; x_wconf 89' lang='lat' dir='ltr'>conflandi</span> <span class='ocrx_word' id='word_1_143' title='bbox 1502 1364 1544 1396; x_wconf 91' lang='lat'>60</span> 
     </span>
     <span class='ocr_line' id='line_1_20' title="bbox 1316 1423 1478 1474; baseline 0 -12"><span class='ocrx_word' id='word_1_144' title='bbox 1316 1423 1478 1474; x_wconf 85' lang='lat' dir='ltr'>copiast.</span> 
     </span>
     <span class='ocr_line' id='line_1_21' title="bbox 144 1489 1479 1541; baseline -0.001 -13"><span class='ocrx_word' id='word_1_145' title='bbox 144 1491 215 1528; x_wconf 70' lang='lat' dir='ltr'>LA.</span> <span class='ocrx_word' id='word_1_146' title='bbox 248 1490 315 1528; x_wconf 90' lang='lat' dir='ltr'>ibo</span> <span class='ocrx_word' id='word_1_147' title='bbox 337 1491 466 1529; x_wconf 89' lang='lat' dir='ltr'>hercle</span> <span class='ocrx_word' id='word_1_148' title='bbox 486 1490 620 1541; x_wconf 87' lang='lat' dir='ltr'>aliquo</span> <span class='ocrx_word' id='word_1_149' title='bbox 641 1489 904 1541; x_wconf 85' lang='lat' dir='ltr'>quaeritatum</span> <span class='ocrx_word' id='word_1_150' title='bbox 926 1490 1068 1540; x_wconf 74' lang='lat' dir='ltr'>ignem.</span> <span class='ocrx_word' id='word_1_151' title='bbox 1130 1491 1206 1528; x_wconf 76' lang='lat' dir='ltr'>DA.</span> <span class='ocrx_word' id='word_1_152' title='bbox 1239 1489 1336 1539; x_wconf 90' lang='lat' dir='ltr'>quid</span> <span class='ocrx_word' id='word_1_153' title='bbox 1357 1503 1479 1539; x_wconf 89' lang='lat' dir='ltr'>quom</span> 
     </span>
     <span class='ocr_line' id='line_1_22' title="bbox 1255 1555 1482 1594; baseline 0.004 -1"><span class='ocrx_word' id='word_1_154' title='bbox 1255 1555 1452 1594; x_wconf 87' lang='lat' dir='ltr'>inueneris</span> <span class='ocrx_word' id='word_1_155' title='bbox 1466 1557 1482 1594; x_wconf 90' lang='lat'>?</span> 
     </span>
     <span class='ocr_line' id='line_1_23' title="bbox 145 1620 1482 1672; baseline -0.001 -12"><span class='ocrx_word' id='word_1_156' title='bbox 145 1622 215 1660; x_wconf 79' lang='lat' dir='ltr'>LA.</span> <span class='ocrx_word' id='word_1_157' title='bbox 249 1620 380 1671; x_wconf 84' lang='lat' dir='ltr'>ignem</span> <span class='ocrx_word' id='word_1_158' title='bbox 412 1634 601 1672; x_wconf 88' lang='lat' dir='ltr'>magnum</span> <span class='ocrx_word' id='word_1_159' title='bbox 640 1620 704 1660; x_wconf 91' lang='lat' dir='ltr'>hic</span> <span class='ocrx_word' id='word_1_160' title='bbox 743 1620 895 1660; x_wconf 82' lang='lat' dir='ltr'>faciam.</span> <span class='ocrx_word' id='word_1_161' title='bbox 975 1622 1051 1659; x_wconf 81' lang='lat' dir='ltr'>DA.</span> <span class='ocrx_word' id='word_1_162' title='bbox 1085 1621 1180 1671; x_wconf 87' lang='lat' dir='ltr'>quin</span> <span class='ocrx_word' id='word_1_163' title='bbox 1220 1620 1482 1659; x_wconf 87' lang='lat' dir='ltr'>inhumanum</span> 
     </span>
     <span class='ocr_line' id='line_1_24' title="bbox 1225 1685 1484 1724; baseline 0.004 -1"><span class='ocrx_word' id='word_1_164' title='bbox 1225 1699 1362 1724; x_wconf 80' lang='lat' dir='ltr'>exuras</span> <span class='ocrx_word' id='word_1_165' title='bbox 1383 1685 1484 1724; x_wconf 87' lang='lat' dir='ltr'>tibi?</span> 
     </span>
     <span class='ocr_line' id='line_1_25' title="bbox 146 1750 1483 1798; baseline -0.001 -7"><span class='ocrx_word' id='word_1_166' title='bbox 146 1754 216 1792; x_wconf 70' lang='lat' dir='ltr'>LA.</span> <span class='ocrx_word' id='word_1_167' title='bbox 250 1752 373 1791; x_wconf 87' lang='lat' dir='ltr'>immo</span> <span class='ocrx_word' id='word_1_168' title='bbox 403 1754 522 1791; x_wconf 87' lang='lat' dir='ltr'>hasce</span> <span class='ocrx_word' id='word_1_169' title='bbox 551 1752 688 1791; x_wconf 89' lang='lat' dir='ltr'>ambas</span> <span class='ocrx_word' id='word_1_170' title='bbox 719 1751 783 1790; x_wconf 87' lang='lat' dir='ltr'>hic</span> <span class='ocrx_word' id='word_1_171' title='bbox 808 1751 847 1790; x_wconf 89' lang='lat' dir='ltr'>in</span> <span class='ocrx_word' id='word_1_172' title='bbox 871 1764 937 1790; x_wconf 82' lang='lat' dir='ltr'>ara</span> <span class='ocrx_word' id='word_1_173' title='bbox 967 1759 1009 1790; x_wconf 89' lang='lat' dir='ltr'>ut</span> <span class='ocrx_word' id='word_1_174' title='bbox 1036 1750 1148 1790; x_wconf 90' lang='lat' dir='ltr'>uiuas</span> <span class='ocrx_word' id='word_1_175' title='bbox 1175 1751 1419 1798; x_wconf 87' lang='lat' dir='ltr'>comburam,</span> <span class='ocrx_word' id='word_1_176' title='bbox 1443 1751 1483 1790; x_wconf 93' lang='lat' dir='ltr'>id</span> 
     </span>
     <span class='ocr_line' id='line_1_26' title="bbox 1378 1818 1480 1856; baseline -0.01 0"><span class='ocrx_word' id='word_1_177' title='bbox 1378 1818 1480 1856; x_wconf 89' lang='lat' dir='ltr'>uolo.</span> 
     </span>
     <span class='ocr_line' id='line_1_27' title="bbox 145 1882 1482 1934; baseline -0.002 -11"><span class='ocrx_word' id='word_1_178' title='bbox 145 1886 221 1923; x_wconf 70' lang='lat' dir='ltr'>DA.</span> <span class='ocrx_word' id='word_1_179' title='bbox 255 1884 332 1923; x_wconf 81' lang='lat' dir='ltr'>iam</span> <span class='ocrx_word' id='word_1_180' title='bbox 363 1884 494 1922; x_wconf 84' lang='lat' dir='ltr'>hercle</span> <span class='ocrx_word' id='word_1_181' title='bbox 524 1896 597 1933; x_wconf 83' lang='lat' dir='ltr'>ego</span> <span class='ocrx_word' id='word_1_182' title='bbox 622 1891 660 1922; x_wconf 87' lang='lat' dir='ltr'>te</span> <span class='ocrx_word' id='word_1_183' title='bbox 689 1883 881 1922; x_wconf 87' lang='lat' dir='ltr'>continuo</span> <span class='ocrx_word' id='word_1_184' title='bbox 911 1883 1034 1922; x_wconf 88' lang='lat' dir='ltr'>barba</span> <span class='ocrx_word' id='word_1_185' title='bbox 1063 1882 1257 1934; x_wconf 86' lang='lat' dir='ltr'>arripiam,</span> <span class='ocrx_word' id='word_1_186' title='bbox 1281 1882 1320 1920; x_wconf 90' lang='lat' dir='ltr'>in</span> <span class='ocrx_word' id='word_1_187' title='bbox 1351 1882 1482 1932; x_wconf 86' lang='lat' dir='ltr'>ignem</span> 
     </span>
     <span class='ocr_line' id='line_1_28' title="bbox 1285 1947 1480 1986; baseline 0 -1"><span class='ocrx_word' id='word_1_188' title='bbox 1285 1947 1480 1986; x_wconf 87' lang='lat' dir='ltr'>coniciam</span> 
     </span>
     <span class='ocr_line' id='line_1_29' title="bbox 58 2013 1541 2066; baseline 0 -15"><span class='ocrx_word' id='word_1_189' title='bbox 58 2025 127 2060; x_wconf 93' lang='lat'>770</span> <span class='ocrx_word' id='word_1_190' title='bbox 145 2022 264 2066; x_wconf 87' lang='lat' dir='ltr'>teque</span> <span class='ocrx_word' id='word_1_191' title='bbox 284 2015 595 2053; x_wconf 85' lang='lat' dir='ltr'>ambustulatum</span> <span class='ocrx_word' id='word_1_192' title='bbox 617 2013 788 2053; x_wconf 88' lang='lat' dir='ltr'>obiciam</span> <span class='ocrx_word' id='word_1_193' title='bbox 811 2013 963 2065; x_wconf 90' lang='lat' dir='ltr'>magnis</span> <span class='ocrx_word' id='word_1_194' title='bbox 983 2013 1125 2052; x_wconf 90' lang='lat' dir='ltr'>auibus</span> <span class='ocrx_word' id='word_1_195' title='bbox 1146 2013 1347 2064; x_wconf 75' lang='lat' dir='ltr'>pabulum.</span> <span class='ocrx_word' id='word_1_196' title='bbox 1499 2022 1541 2066; x_wconf 85' lang='lat'>65</span> 
     </span>
    </p>
   </div>
   <div class='ocr_carea' id='block_1_3' title="bbox 145 2118 1487 2511">
    <p class='ocr_par' dir='ltr' id='par_1_3' title="bbox 145 2118 1487 2511">
     <span class='ocr_line' id='line_1_30' title="bbox 190 2118 1478 2162; baseline -0.001 -11"><span class='ocrx_word' id='word_1_197' title='bbox 190 2130 253 2161; x_wconf 86' lang='lat'>752</span> <span class='ocrx_word' id='word_1_198' title='bbox 277 2126 333 2151; x_wconf 87' lang='lat' dir='ltr'>tua</span> <span class='ocrx_word' id='word_1_199' title='bbox 358 2120 447 2150; x_wconf 83' lang='lat' dir='ltr'>enim</span> <span class='ocrx_word' id='word_1_200' title='bbox 473 2120 578 2150; x_wconf 86' lang='lat' dir='ltr'>istaec</span> <span class='ocrx_word' id='word_1_201' title='bbox 602 2124 681 2150; x_wconf 87' lang='lat' dir='ltr'>sunt</span> <span class='ocrx_word' id='word_1_202' title='bbox 703 2118 858 2162; x_wconf 63' lang='lat' dir='ltr'>Sqiffert:</span> <span class='ocrx_word' id='word_1_203' title='bbox 885 2129 994 2159; x_wconf 86' lang='lat' dir='ltr'>nugae</span> <span class='ocrx_word' id='word_1_204' title='bbox 1020 2119 1039 2150; x_wconf 90' lang='lat' dir='ltr'>i.</span> <span class='ocrx_word' id='word_1_205' title='bbox 1061 2129 1086 2150; x_wconf 88' lang='lat' dir='ltr'>s.</span> <span class='ocrx_word' id='word_1_206' title='bbox 1106 2118 1257 2158; x_wconf 80' lang='lat' dir='ltr'>Bentley:</span> <span class='ocrx_word' id='word_1_207' title='bbox 1284 2119 1386 2149; x_wconf 80' lang='lat' dir='ltr'>tricae</span> <span class='ocrx_word' id='word_1_208' title='bbox 1412 2118 1431 2149; x_wconf 93' lang='lat' dir='ltr'>i.</span> <span class='ocrx_word' id='word_1_209' title='bbox 1451 2127 1478 2150; x_wconf 85' lang='lat' dir='ltr'>s.</span> 
     </span>
     <span class='ocr_line' id='line_1_31' title="bbox 145 2162 1483 2204; baseline -0.002 -10"><span class='ocrx_word' id='word_1_210' title='bbox 145 2163 211 2194; x_wconf 84' lang='lat' dir='ltr'>Leo</span> <span class='ocrx_word' id='word_1_211' title='bbox 278 2165 390 2195; x_wconf 82' lang='lat' dir='ltr'>uerior·</span> <span class='ocrx_word' id='word_1_212' title='bbox 408 2163 643 2194; x_wconf 70' lang='lat' dir='ltr'>Camerarius:</span> <span class='ocrx_word' id='word_1_213' title='bbox 667 2174 750 2204; x_wconf 82' lang='lat' dir='ltr'>—or</span> <span class='ocrx_word' id='word_1_214' title='bbox 769 2163 801 2193; x_wconf 88' lang='lat' dir='ltr'><em>A</em></span> <span class='ocrx_word' id='word_1_215' title='bbox 822 2175 828 2193; x_wconf 82' lang='lat' dir='ltr'>z</span> <span class='ocrx_word' id='word_1_216' title='bbox 854 2164 968 2194; x_wconf 88' lang='lat' dir='ltr'>ueri—</span> <span class='ocrx_word' id='word_1_217' title='bbox 985 2163 1038 2193; x_wconf 89' lang='lat' dir='ltr'>P:</span> <span class='ocrx_word' id='word_1_218' title='bbox 1064 2163 1180 2202; x_wconf 87' lang='lat' dir='ltr'>purior</span> <span class='ocrx_word' id='word_1_219' title='bbox 1197 2162 1332 2202; x_wconf 59' lang='lat' dir='ltr'>Sejffett</span> <span class='ocrx_word' id='word_1_220' title='bbox 1421 2172 1483 2201; x_wconf 81' lang='lat'>755</span> 
     </span>
     <span class='ocr_line' id='line_1_32' title="bbox 147 2205 1480 2249; baseline -0.002 -10"><span class='ocrx_word' id='word_1_221' title='bbox 147 2213 244 2248; x_wconf 83' lang='lat' dir='ltr'>poste</span> <span class='ocrx_word' id='word_1_222' title='bbox 270 2209 411 2248; x_wconf 80' lang='lat' dir='ltr'>aspicito</span> <span class='ocrx_word' id='word_1_223' title='bbox 443 2206 521 2249; x_wconf 88' lang='lat' dir='ltr'>(tu)</span> <span class='ocrx_word' id='word_1_224' title='bbox 558 2206 696 2238; x_wconf 83' lang='lat' dir='ltr'>Mueller</span> <span class='ocrx_word' id='word_1_225' title='bbox 725 2207 773 2246; x_wconf 86' lang='lat' dir='ltr'>(A</span> <span class='ocrx_word' id='word_1_226' title='bbox 807 2218 839 2238; x_wconf 83' lang='lat' dir='ltr'>n.</span> <span class='ocrx_word' id='word_1_227' title='bbox 874 2207 914 2246; x_wconf 70' lang='lat' dir='ltr'>l.)</span> <span class='ocrx_word' id='word_1_228' title='bbox 1064 2216 1124 2245; x_wconf 85' lang='lat'>757</span> <span class='ocrx_word' id='word_1_229' title='bbox 1151 2216 1253 2245; x_wconf 84' lang='lat' dir='ltr'>opere</span> <span class='ocrx_word' id='word_1_230' title='bbox 1280 2205 1319 2237; x_wconf 84' lang='lat' dir='ltr'>P.</span> <span class='ocrx_word' id='word_1_231' title='bbox 1349 2205 1382 2235; x_wconf 87' lang='lat' dir='ltr'><em>A</em></span> <span class='ocrx_word' id='word_1_232' title='bbox 1409 2217 1440 2236; x_wconf 81' lang='lat' dir='ltr'>n.</span> <span class='ocrx_word' id='word_1_233' title='bbox 1460 2206 1480 2237; x_wconf 83' lang='lat' dir='ltr'>l.</span> 
     </span>
     <span class='ocr_line' id='line_1_33' title="bbox 146 2249 1481 2292; baseline -0.003 -9"><span class='ocrx_word' id='word_1_234' title='bbox 146 2253 210 2290; x_wconf 90' lang='lat'>760</span> <span class='ocrx_word' id='word_1_235' title='bbox 234 2253 348 2292; x_wconf 74' lang='lat' dir='ltr'>atquin</span> <span class='ocrx_word' id='word_1_236' title='bbox 368 2251 405 2290; x_wconf 86' lang='lat' dir='ltr'>P,</span> <span class='ocrx_word' id='word_1_237' title='bbox 427 2251 459 2280; x_wconf 91' lang='lat' dir='ltr'><em>A</em></span> <span class='ocrx_word' id='word_1_238' title='bbox 479 2261 512 2281; x_wconf 85' lang='lat' dir='ltr'>n.</span> <span class='ocrx_word' id='word_1_239' title='bbox 532 2250 551 2281; x_wconf 86' lang='lat' dir='ltr'>l.</span> <span class='ocrx_word' id='word_1_240' title='bbox 688 2253 751 2290; x_wconf 86' lang='lat'>763</span> <span class='ocrx_word' id='word_1_241' title='bbox 775 2255 897 2281; x_wconf 72' lang='lat' dir='ltr'>messis</span> <span class='ocrx_word' id='word_1_242' title='bbox 917 2251 1020 2289; x_wconf 54' lang='lat'>(4353)</span> <span class='ocrx_word' id='word_1_243' title='bbox 1033 2254 1219 2290; x_wconf 74' lang='lat' dir='ltr'>suspectum</span> <span class='ocrx_word' id='word_1_244' title='bbox 1239 2250 1311 2289; x_wconf 73' lang='lat' dir='ltr'>(vix</span> <span class='ocrx_word' id='word_1_245' title='bbox 1326 2249 1481 2280; x_wconf 41' lang='lat' dir='ltr'>herculei</span> 
     </span>
     <span class='ocr_line' id='line_1_34' title="bbox 147 2293 1482 2333; baseline -0.002 -7"><span class='ocrx_word' id='word_1_246' title='bbox 147 2295 205 2326; x_wconf 84' lang='lat' dir='ltr'>fiet</span> <span class='ocrx_word' id='word_1_247' title='bbox 218 2296 250 2326; x_wconf 91' lang='lat' dir='ltr'>in</span> <span class='ocrx_word' id='word_1_248' title='bbox 268 2306 327 2326; x_wconf 87' lang='lat' dir='ltr'>ore</span> <span class='ocrx_word' id='word_1_249' title='bbox 340 2295 460 2326; x_wconf 83' lang='lat' dir='ltr'>messis</span> <span class='ocrx_word' id='word_1_250' title='bbox 470 2293 712 2325; x_wconf 80' lang='lat' dir='ltr'>Sonnenschein</span> <span class='ocrx_word' id='word_1_251' title='bbox 784 2295 931 2333; x_wconf 85' lang='lat' dir='ltr'>mergeis</span> <span class='ocrx_word' id='word_1_252' title='bbox 951 2294 983 2324; x_wconf 88' lang='lat' dir='ltr'><em>A</em></span> <span class='ocrx_word' id='word_1_253' title='bbox 1019 2295 1160 2333; x_wconf 79' lang='lat' dir='ltr'>antiqua</span> <span class='ocrx_word' id='word_1_254' title='bbox 1167 2294 1303 2333; x_wconf 79' lang='lat' dir='ltr'>forma)</span> <span class='ocrx_word' id='word_1_255' title='bbox 1421 2295 1482 2332; x_wconf 86' lang='lat'>764</span> 
     </span>
     <span class='ocr_line' id='line_1_35' title="bbox 148 2337 1482 2379; baseline -0.002 -10"><span class='ocrx_word' id='word_1_256' title='bbox 148 2339 236 2379; x_wconf 85' lang='lat' dir='ltr'>ficis]</span> <span class='ocrx_word' id='word_1_257' title='bbox 265 2339 372 2379; x_wconf 64' lang='lat' dir='ltr'>officis</span> <span class='ocrx_word' id='word_1_258' title='bbox 398 2338 430 2368; x_wconf 92' lang='lat' dir='ltr'><em>A</em></span> <span class='ocrx_word' id='word_1_259' title='bbox 521 2338 644 2368; x_wconf 84' lang='lat' dir='ltr'>arideis</span> <span class='ocrx_word' id='word_1_260' title='bbox 662 2343 699 2369; x_wconf 85' lang='lat' dir='ltr'>ul</span> <span class='ocrx_word' id='word_1_261' title='bbox 716 2337 778 2369; x_wconf 83' lang='lat' dir='ltr'>vid.</span> <span class='ocrx_word' id='word_1_262' title='bbox 799 2338 832 2368; x_wconf 88' lang='lat' dir='ltr'><em>A</em></span> <span class='ocrx_word' id='word_1_263' title='bbox 856 2338 1149 2377; x_wconf 71' lang='lat' dir='ltr'>(antt&#39;quasormw</span> <span class='ocrx_word' id='word_1_264' title='bbox 1268 2338 1330 2376; x_wconf 83' lang='lat'>766</span> <span class='ocrx_word' id='word_1_265' title='bbox 1356 2337 1482 2376; x_wconf 88' lang='lat' dir='ltr'>lignum</span> 
     </span>
     <span class='ocr_line' id='line_1_36' title="bbox 147 2380 1480 2422; baseline -0.002 -9"><span class='ocrx_word' id='word_1_266' title='bbox 147 2381 274 2413; x_wconf 79' lang='lat' dir='ltr'>Schoell</span> <span class='ocrx_word' id='word_1_267' title='bbox 394 2384 453 2421; x_wconf 90' lang='lat'>767</span> <span class='ocrx_word' id='word_1_268' title='bbox 481 2381 716 2422; x_wconf 86' lang='lat' dir='ltr'>inhumanum]</span> <span class='ocrx_word' id='word_1_269' title='bbox 735 2387 770 2413; x_wconf 86' lang='lat' dir='ltr'>ut</span> <span class='ocrx_word' id='word_1_270' title='bbox 788 2382 970 2412; x_wconf 84' lang='lat' dir='ltr'>humanum</span> <span class='ocrx_word' id='word_1_271' title='bbox 990 2381 1021 2411; x_wconf 87' lang='lat' dir='ltr'><em>P</em></span> <span class='ocrx_word' id='word_1_272' title='bbox 1035 2382 1089 2421; x_wconf 72' lang='lat' dir='ltr'>(cſs</span> <span class='ocrx_word' id='word_1_273' title='bbox 1111 2381 1212 2412; x_wconf 79' lang='lat' dir='ltr'>Class.</span> <span class='ocrx_word' id='word_1_274' title='bbox 1231 2380 1310 2411; x_wconf 76' lang='lat' dir='ltr'>Rev.</span> <span class='ocrx_word' id='word_1_275' title='bbox 1333 2382 1382 2413; x_wconf 69' lang='lat'>18,</span> <span class='ocrx_word' id='word_1_276' title='bbox 1403 2382 1480 2419; x_wconf 56' lang='lat'>4021</span> 
     </span>
     <span class='ocr_line' id='line_1_37' title="bbox 148 2423 1487 2464; baseline -0.001 -8"><span class='ocrx_word' id='word_1_277' title='bbox 148 2426 284 2456; x_wconf 87' lang='lat' dir='ltr'>exurias</span> <span class='ocrx_word' id='word_1_278' title='bbox 303 2426 335 2456; x_wconf 84' lang='lat' dir='ltr'><em>P</em></span> <span class='ocrx_word' id='word_1_279' title='bbox 438 2426 499 2463; x_wconf 85' lang='lat'>768</span> <span class='ocrx_word' id='word_1_280' title='bbox 523 2425 713 2464; x_wconf 73' lang='lat' dir='ltr'>comburem</span> <span class='ocrx_word' id='word_1_281' title='bbox 728 2426 761 2456; x_wconf 85' lang='lat' dir='ltr'><em>A</em></span> <span class='ocrx_word' id='word_1_282' title='bbox 854 2428 918 2464; x_wconf 88' lang='lat'>769</span> <span class='ocrx_word' id='word_1_283' title='bbox 943 2436 1018 2455; x_wconf 87' lang='lat' dir='ltr'>narn</span> <span class='ocrx_word' id='word_1_284' title='bbox 1038 2425 1068 2454; x_wconf 75' lang='lat' dir='ltr'><em>P</em></span> <span class='ocrx_word' id='word_1_285' title='bbox 1156 2426 1257 2455; x_wconf 78' lang='lat' dir='ltr'>barba</span> <span class='ocrx_word' id='word_1_286' title='bbox 1275 2425 1436 2455; x_wconf 87' lang='lat' dir='ltr'>continuo</span> <span class='ocrx_word' id='word_1_287' title='bbox 1453 2423 1487 2458; x_wconf 84' lang='lat' dir='ltr'><em>P</em></span> 
     </span>
     <span class='ocr_line' id='line_1_38' title="bbox 148 2469 314 2511; baseline 0.006 -12"><span class='ocrx_word' id='word_1_288' title='bbox 148 2469 215 2511; x_wconf 81' lang='lat' dir='ltr'>[et]</span> <span class='ocrx_word' id='word_1_289' title='bbox 230 2470 262 2500; x_wconf 88' lang='lat' dir='ltr'>in</span> <span class='ocrx_word' id='word_1_290' title='bbox 282 2469 314 2500; x_wconf 89' lang='lat' dir='ltr'><em>P</em></span> 
     </span>
    </p>
   </div>
  </div>
 </body>
</html>
