1747 2740
65 1209 108 1234 10

65 1531 103 1569 15

62 1929 106 1954 20

585 259 1014 309 PROLOGVS

351 355 521 407 Exporgi
544 355 700 393 meliust
721 356 880 394 lumbos
900 362 1019 404 atque
1041 354 1258 405 exsurgier:

350 421 533 460 Plautina
554 422 670 470 longa
691 420 824 458 fabula
845 420 883 459 in
905 434 1088 459 scaenam
1110 419 1230 459 uenit.

644 560 951 608 ACTVSI

411 656 737 693 PSEvnoLvs
849 655 1180 693 CALJDonvs
1485 654 1553 693 Li

185 738 247 775 ΡΞ.
281 736 319 775 Si
341 751 387 775 ex
408 744 446 775 te
467 744 622 775 tacente
644 735 724 774 fleri
747 749 904 786 possem
927 735 1079 782 certior,

184 816 258 849 ere,
282 816 382 852 quae
405 801 582 840 miseriae
604 809 641 840 te
663 809 742 839 tam
766 800 905 839 misere
927 808 1138 847 macerant,

183 868 353 907 duorum
375 866 497 906 labori
520 880 593 917 ego
614 866 821 905 hominum
845 866 1052 917 parsissem
1075 866 1228 913 lubens,

183 933 260 972 mei
282 932 318 971 te
340 932 503 983 rogandi
525 940 562 971 et
584 932 631 970 tis
653 931 921 983 respondendi
944 931 1039 970 mihi
1059 946 1068 979 3

182 1012 288 1036 nunc
309 997 496 1048 quoniam
520 997 559 1036 id
583 997 664 1036 fieri
686 1011 766 1036 non
789 1004 929 1047 potest,
953 996 1166 1035 necessitas
1484 1013 1502 1046 5

182 1077 245 1102 me
265 1062 409 1113 subigit
430 1070 472 1101 ut
493 1071 531 1101 te
552 1062 728 1113 rogitem.
788 1063 984 1112 responde
1007 1061 1126 1100 mihi:

180 1128 275 1179 quid
296 1136 353 1167 est
375 1129 484 1178 quod
506 1135 547 1167 tu
569 1127 814 1167 exanimatus
836 1127 913 1165 iam
935 1128 1007 1166 hos
1030 1128 1175 1166 multos
1195 1127 1281 1166 dies

179 1202 307 1245 gestas
329 1194 491 1232 tabellas
513 1201 655 1239 tecum,
680 1206 745 1231 eas
766 1192 949 1231 lacrumis
970 1192 1069 1230 lauis

178 1273 251 1298 nec
273 1258 327 1297 tui
349 1258 580 1309 participem
602 1258 743 1297 consili
764 1271 1007 1308 quemquam
1029 1257 1157 1296 facis?

176 1327 371 1375 eloquere,
395 1332 437 1362 ut
457 1325 566 1374 quod
588 1323 817 1374 ego'nescio
838 1323 878 1362 id
900 1331 1028 1362 tecum
1052 1323 1186 1362 sciam.
1481 1341 1520 1363 10

178 1391 294 1430 CALI.
328 1389 467 1428 misere
489 1389 605 1428 miser
626 1403 728 1436 sum,
750 1390 957 1428 Pseudole.
1019 1391 1082 1427 Ps.
1114 1389 1154 1428 id
1177 1397 1214 1427 te
1237 1389 1415 1440 Iuppiter

178 1454 416 1505 prohibessit
434 1457 440 1492 !
498 1456 614 1494 CALI.
648 1454 745 1492 nihil
767 1456 843 1493 hoc
866 1453 974 1492 Iouis
995 1455 1046 1493 ad
1067 1454 1257 1493 iudicium
1279 1455 1442 1494 attinet:

179 1523 252 1559 sub
273 1519 438 1559 Veneris
459 1533 580 1571 regno
601 1521 758 1570 uapulo,
783 1533 863 1557 non
885 1520 958 1558 sub
982 1519 1101 1558 Iouis.

180 1589 241 1625 Ps.
274 1585 364 1625 licet
386 1600 449 1625 me
470 1585 510 1625 id
532 1585 630 1624 scire
651 1585 747 1635 quid
769 1585 846 1624 sit?
887 1599 977 1623 nam
1001 1593 1041 1623 tu
1064 1599 1127 1624 me
1147 1586 1335 1625 antidhac

177 1666 406 1703 supremum
429 1651 601 1690 habuisti
623 1651 810 1690 comitem
833 1650 1006 1690 consiliis
1029 1651 1115 1689 tuis.
1485 1669 1519 1700 15

178 1719 293 1758 CALI.
326 1717 432 1757 idem
453 1717 609 1756 animus
631 1731 737 1756 nunc
759 1724 827 1756 est.
906 1718 968 1756 Ps.
1002 1718 1086 1756 face
1108 1730 1171 1755 me
1192 1724 1341 1756 certum
1364 1716 1461 1767 quid

1327 1782 1461 1830 ffim;

177 1849 324 1889 iuuabo
344 1856 411 1888 aut
432 1847 536 1901 re<d>
555 1855 622 1887 aut
643 1862 763 1899 opera
783 1856 850 1887 aut
870 1847 1036 1887 consilio
1057 1848 1178 1887 bono.

177 1917 293 1955 CALI.
325 1929 423 1965 cape
443 1916 513 1953 has
535 1915 709 1962 tabellas,
733 1921 816 1952 tute
837 1913 929 1952 hinc
951 1921 1106 1952 narrato
1127 1913 1197 1953 tibi

176 1995 278 2031 quae
301 1995 363 2019 me
386 1980 541 2019 miseria
561 1987 599 2019 et
620 1993 712 2018 cura
733 1979 1009 2018 contabefacit.

178 2048 240 2085 Ps.
265 2061 350 2085 mos
365 2045 435 2084 tibi
448 2052 612 2096 geretur.
645 2045 1106 2095 sedquidhoc‚quaeso?
1127 2045 1242 2085 (ΖΑΗ.
1262 2044 1358 2094 quid
1372 2046 1459 2083 est?
1481 2060 1521 2082 20

165 2150 349 2191 Prologum
387 2150 510 2180 exlu'bet
536 2153 613 2190 post
642 2149 896 2191 Argumentum
924 2148 956 2179 A
973 2160 981 2179 :
1031 2152 1106 2180 ante
1140 2147 1394 2190 Argumentum
1430 2148 1464 2178 P

122 2194 278 2225 lumnam
296 2198 371 2225 auls·
387 2195 472 2234 sign.
490 2193 625 2233 Ritschl,
642 2197 670 2224 el
682 2197 755 2224 anic
770 2197 881 2233 etpost
894 2192 959 2222 Leo
1051 2203 1063 2222 1
1089 2202 1254 2231 exsurger
1269 2193 1302 2222 P
1317 2193 1388 2232 (vix
1398 2197 1460 2232 pro

123 2243 321 2277 exsurgeres
447 2250 464 2277 4
493 2243 666 2268 macerent
684 2237 727 2277 A,
747 2237 836 2270 codd.
861 2236 953 2267 Gellii
967 2247 1019 2275 20,
1039 2238 1070 2276 6,
1090 2246 1111 2275 9
1129 2234 1165 2277 (f-
1186 2237 1220 2275 9)
1283 2279 1289 2283 -
1348 2238 1369 2265 6
1395 2236 1459 2266 Mis

1248 2284 1289 2304 tui

123 2314 254 2353 Popma
323 2320 356 2346 et
376 2315 457 2356 [tui]
478 2315 521 2345 tis
538 2314 625 2346 codd.
643 2314 845 2346 Gellii·'mzde
860 2315 993 2345 Nonius
1009 2315 1085 2352 50¹⁸*
1104 2314 1178 2354 (pro
1195 2318 1228 2343 et
1248 2314 1310 2347 tis;
1337 2313 1376 2343 iv.
1395 2314 1429 2345 2]
1451 2324 1457 2343 :

123 2359 190 2388 emi
209 2360 266 2389 A:
292 2366 325 2390 ct
350 2364 382 2389 te
408 2360 439 2390 Ρ
573 2369 609 2388 12
635 2359 667 2388 id
685 2369 750 2389 om.
773 2359 805 2388 A
934 2360 969 2388 16
995 2359 1025 2387 id
1050 2369 1116 2388 om.
1137 2358 1170 2387 A
1263 2362 1296 2387 tu
1324 2366 1398 2386 meo
1422 2357 1454 2386 A

128 2412 162 2440 17
189 2414 271 2433 com.
292 2404 385 2444 com]
405 2414 485 2433 se—
503 2401 568 2433 cod.
590 2402 678 2432 Festi
691 2412 755 2441 305
864 2413 902 2442 19
921 2407 978 2432 aut
1000 2413 1034 2432 re
1053 2403 1120 2433 iun.
1142 2401 1246 2432 Bothe
1332 2401 1370 2431 dc
1387 2401 1455 2439 red,

123 2446 380 2486 abz'atz'm'fornuz
398 2446 508 2485 dubia,
528 2446 564 2485 cf.
583 2445 682 2476 Arclae.
710 2445 783 2476 Las.
804 2444 880 2476 Lex.
905 2455 954 2486 10,
973 2455 1037 2484 550

170 2500 288 2521 ηΑντ.
307 2500 331 2520 11
1332 2490 1369 2519 17
