1747 2740
604 137 777 176 MILES
807 135 1122 174 GLORIOSVS
1550 132 1581 169 Ι.
1603 131 1619 168 i

202 256 269 289 aut
289 247 496 300 gloriarum
519 246 736 298 pleniorem
757 258 877 296 quam
898 245 976 283 illic
998 252 1066 291 est,

203 329 266 354 me
286 313 359 353 sibi
381 312 537 359 habeto,
560 326 633 362 ego
655 325 717 350 me
739 310 952 361 mancupio
973 310 1079 349 dabo
1094 324 1104 357 3

202 379 276 418 nisi
297 392 431 425 unum,
454 378 602 428 epityra
622 385 727 416 estur
747 376 929 414 insanum
952 376 1064 415 bene.

138 457 180 494 25
204 446 271 482 Pv.
304 444 371 482 ubi
392 452 433 482 tu
454 445 525 482 es?
571 445 648 480 AR.
682 455 832 480 eccum.
875 443 1016 491 edepol
1035 442 1096 479 uel
1114 441 1328 490 elephanto
1349 438 1388 477 in
1406 438 1532 485 India,
1559 455 1598 487 25

201 523 281 560 quo
301 516 418 560 pacto
439 508 474 547 ei
494 521 628 558 pugno
650 506 890 558 praefregisti
913 506 1153 545 bracchium.

203 576 270 612 Pv.
303 573 410 623 quid,
436 572 740 611 ‘bracchium'?
795 574 874 609 AR.
908 571 1004 609 illud
1025 571 1156 609 dicere
1179 569 1299 616 uolui,
1327 570 1505 607 ‘semur.'

202 640 270 677 Pv.
301 645 340 676 at
361 637 609 688 indiligenter
630 636 784 675 iceram.
845 638 922 674 AR.
955 638 1021 686 pol
1042 636 1073 674 si
1095 635 1257 686 quidem

201 702 364 758 conixus
385 715 500 756 esses,
524 715 592 753 per
612 701 774 749 corium,
797 715 865 752 per
886 700 1036 740 uiscera

137 783 184 818 30
202 782 349 819 perque
370 781 414 807 os
435 768 634 818 elephanti
655 767 928 806 transmineret
949 766 1189 805 bracchium.
1556 780 1596 810 30

203 836 269 872 ΡΥ.
303 834 396 872 nolo
427 833 546 872 istaec
575 833 639 872 hic
670 847 786 872 nunc.
847 835 923 871 AR.
956 846 1006 871 ne
1035 833 1166 871 hercle
1196 845 1338 881 operae
1366 830 1533 881 pretium

1334 896 1535 946 quidemst

202 964 298 1004 mihi
318 972 357 1004 te
377 978 530 1003 narrare
550 972 636 1003 tuas
658 965 725 1015 qui
746 964 908 1003 uirtutes
929 963 1061 1003 sciam.

202 1037 339 1069 uenter
359 1037 464 1068 creat
483 1029 612 1068 omnis
634 1031 752 1068 hasce
771 1042 1002 1068 aerumnas:
1033 1028 1192 1067 auribus

201 1094 470 1145 peraudienda
490 1102 594 1142 sunt,
614 1108 665 1133 ne
685 1095 824 1133 dentes
845 1094 1035 1140 dentiam,

138 1174 180 1212 35
201 1168 240 1199 et
260 1161 589 1198 adsentandumst
611 1159 807 1210 quidquid
828 1158 892 1197 hic
912 1158 1153 1197 mentibitur.
1556 1173 1594 1205 35

202 1227 270 1265 ΡΥ.
303 1224 399 1276 quid
428 1225 520 1264 illtic
551 1226 660 1275 quod
690 1224 814 1263 dico?
870 1225 947 1262 AR.
981 1225 1108 1270 ehem,
1132 1223 1213 1261 scio
1244 1222 1320 1261 iam
1352 1222 1449 1273 quid
1476 1222 1535 1261 uis

664 1284 667 1291 ⁴
1391 1287 1532 1326 dicere.

202 1357 348 1395 factum
370 1356 547 1402 herclest,
567 1354 729 1394 memini
752 1354 844 1394 fieri.
897 1356 965 1393 ΡΥ.
999 1353 1094 1405 quid
1116 1353 1156 1392 id
1177 1355 1264 1392 est?
1315 1355 1392 1391 AR.
1426 1352 1536 1403 quid-

1347 1417 1443 1467 quid
1465 1424 1533 1456 est.

203 1489 271 1525 Pv.
302 1486 560 1526 habes—AR.
592 1486 755 1524 tabellas
777 1485 836 1523 uis
857 1499 1002 1535 rogare.
1062 1485 1204 1530 habeo,
1227 1491 1265 1522 et
1286 1482 1430 1521 stilum.

204 1554 271 1591 ΡΥ.
304 1551 624 1599 ζὲμεεζῖ,θ,,3.ὼιοῑῐί5
646 1560 757 1590 tuom
778 1551 954 1589 animum
977 1552 1027 1589 ad
1049 1550 1225 1589 animum
1247 1562 1391 1587 meum.

138 1632 184 1665 40
203 1619 279 1656 AR.
311 1617 470 1656 nouisse
491 1630 619 1656 mores
640 1624 729 1655 tuos
750 1630 813 1654 me
834 1615 1022 1654 meditate
1042 1617 1157 1654 decet
1553 1631 1597 1662 40

202 1696 417 1733 curamque
436 1682 625 1721 adhibere
646 1690 688 1720 ut
709 1682 883 1732 praeolat
905 1681 1000 1718 mihi
1022 1681 1130 1731 quod
1154 1688 1195 1718 tu
1217 1679 1325 1718 uelis.

204 1749 271 1786 ΡΥ.
304 1747 448 1797 ecquid
470 1746 713 1786 meministi?
770 1749 847 1785 AR.
881 1746 1043 1785 memini
1064 1754 1224 1784 centum
1246 1745 1285 1783 in
1307 1743 1446 1784 Cilicia

204 1820 241 1851 et
263 1812 558 1863 quinquaginta,
582 1820 742 1851 centurn
764 1812 804 1850 in
826 1811 1151 1862 Scytholatronia,

204 1878 359 1930 triginta
380 1880 535 1926 Sardos,
559 1878 758 1928 sexaginta
781 1880 1080 1917 Macedones—

140 1956 182 1993 45
204 1951 295 1983 sunt
316 1943 497 1982 homines
518 1957 618 1994 quos
639 1952 729 1982 tu—-
739 1943 919 1982 occidisti
940 1957 1020 1981 uno
1042 1942 1116 1981 die.
1556 1958 1596 1990 45

248 2058 291 2088 23
315 2047 437 2079 habeto
454 2046 522 2090 [et]
540 2047 665 2088 P(pro
678 2047 766 2086 hab.,
783 2047 811 2078 ei
824 2047 848 2086 ἓ)
985 2057 1025 2085 24
1051 2047 1184 2086 epityra
1203 2047 1303 2075 l'arro
1317 2044 1354 2074 L<
1370 2045 1407 2076 L.
1425 2055 1455 2083 7,
1472 2045 1515 2075 86
1530 2057 1537 2076 ε

205 2093 339 2132 epytira
355 2096 391 2122 ut
409 2092 484 2132 (pro
501 2092 571 2131 uel)
591 2096 671 2131 aput
688 2091 743 2121 illa
760 2090 793 2121 Ρ
808 2092 926 2131 (prava
950 2089 1173 2120 emendatione
1183 2089 1368 2127 inculcata),
1388 2089 1420 2118 A
1441 2100 1472 2119 n.
1492 2089 1512 2119 l.
1529 2101 1535 2119 :

206 2136 374 2176 epityrum
409 2135 492 2175 edd„
527 2135 646 2175 quibas
675 2135 864 2165 constructio
903 2135 1035 2173 epityra
1070 2137 1144 2167 (acc.
1175 2133 1240 2174 pl.)
1275 2137 1371 2163 estur
1401 2132 1540 2172 displicet

207 2180 323 2210 insane
345 2178 458 2218 Varro,
474 2180 570 2209 etiam
584 2179 706 2218 <iens-3
724 2178 763 2212 P,
783 2182 892 2208 contra
905 2188 1031 2208 morem
1046 2177 1245 2208 Plautinum
1345 2187 1385 2216 25
1411 2177 1535 2207 indiam

206 2223 238 2253 A
345 2224 387 2253 26
410 2223 441 2253 ei
458 2233 523 2254 om.
543 2222 576 2252 P
661 2222 849 2262 praefigisti
867 2221 899 2252 P
996 2231 1034 2260 31
1062 2221 1197 2260 quidem
1214 2221 1244 2252 Ρ
1260 2220 1311 2261 (cs.
1336 2222 1390 2259 19l
1494 2231 1535 2259 34

208 2267 434 2307 peraurienda
453 2266 481 2296 C
495 2267 528 2305 (i.
544 2277 569 2297 e.
589 2266 821 2306 -haur-),J‘ort.
842 2269 917 2295 recte
1026 2266 1068 2303 36
1093 2265 1169 2294 hem
1182 2263 1214 2294 P
1314 2274 1354 2303 37
1381 2264 1535 2294 factumst

208 2311 322 2341 hercle
338 2310 370 2341 Ρ
384 2310 435 2350 (cſs
454 2310 502 2340 ad
514 2309 608 2341 Merc.
628 2310 706 2349 330)
832 2319 874 2347 39
898 2308 996 2338 facite
1014 2309 1046 2339 Ρ
1132 2309 1207 2338 adu.
1226 2308 1372 2338 animum
1391 2313 1482 2338 tuum
1500 2308 1533 2337 A

207 2365 249 2391 40
273 2364 325 2384 me
343 2358 417 2385 tuos
437 2354 469 2384 P
555 2364 592 2392 41
621 2353 795 2393 praeuolat
814 2363 934 2391 m.quo
953 2358 985 2382 tu
1004 2351 1036 2381 P
1136 2362 1176 2390 42
1201 2351 1343 2382 ciliciam
1361 2353 1393 2381 A
1495 2361 1537 2390 43

208 2397 326 2437 Scyth.
344 2397 498 2438 Geppert:
521 2396 823 2436 scythalatroniam
837 2396 868 2425 A
886 2408 891 2425 :
917 2396 1025 2435 sycho
1042 2396 1206 2425 lan-oniae
1221 2395 1252 2425 Ρ
1351 2407 1391 2434 44
1417 2396 1536 2436 sardos

207 2441 264 2472 A:
298 2442 406 2472 sardis
431 2441 463 2471 Ρ
485 2441 561 2481 (abl.
583 2441 672 2481 plur.
692 2443 716 2481 ἒ)
880 2450 921 2479 45
947 2445 980 2469 tu
1006 2450 1089 2478 quos
1114 2439 1252 2478 Pylades
1275 2443 1383 2469 contra
1410 2450 1534 2470 morem

209 2484 408 2517 Plautinum
497 2484 605 2528 (hoc)
622 2495 671 2516 oc.
695 2485 772 2524 (scil.
794 2484 922 2523 gladio)
941 2483 1068 2514 Sclzoell
1154 2482 1265 2525 (una)
1282 2493 1348 2513 uno
1365 2482 1492 2514 Ritsclnl
