1747 2740
193 133 246 171 ΙΙ.
269 134 299 171 ii
691 136 737 174 T.
773 136 954 175 MACCI
986 137 1190 175 PLAVTI

271 246 368 285 dum
390 254 601 297 percontor
621 247 841 298 portitores,
865 261 1015 298 ecquae
1036 248 1149 287 nauis
1170 248 1323 288 uenerit

271 326 319 351 ex
338 311 444 360 Asia,
467 319 613 363 negant
634 312 801 361 uenisse,
826 313 1078 364 conspicatus
1100 327 1186 352 sum
1208 313 1364 353 interim

272 391 488 425 cercurum,
511 391 592 428 quo
613 391 686 428 ego
708 392 770 417 me
793 378 981 417 maiorem
1003 392 1084 417 non
1105 379 1252 418 uidisse
1274 393 1429 419 censeo.

208 458 251 490 45
272 443 312 481 in
333 450 490 494 portum
512 451 634 483 uento
654 446 843 492 secundo,
867 446 958 483 uelo
978 458 1095 495 passo
1116 445 1306 495 peruenit.

269 509 368 548 alius
389 510 510 549 alium
532 518 833 561 percontamur:
868 511 1045 561 ‘quoiast
1066 511 1212 549 nauis?
1250 511 1347 562 quid
1367 512 1528 551 uehit?'
1627 525 1698 559 370

268 573 425 613 interibi
475 575 744 626 Epignomum
793 576 998 626 conspicio
1046 584 1156 614 tuom
1197 576 1326 615 uirum
1367 585 1406 616 et
1449 591 1606 616 seruom

1413 641 1604 681 Stichum.

269 706 371 743 PAN.
403 706 495 743 hem
514 704 640 755 quid?
680 705 951 756 Epignomum
972 707 1193 744 elocutu's?
1242 708 1299 744 ΡΙ.
1333 714 1443 745 tuom
1465 707 1603 746 uirum.

1152 772 1226 809 GE.
1259 779 1298 809 et
1319 771 1441 810 uitam
1463 785 1602 811 meam.

270 836 328 874 ΡΙ.
361 835 470 874 uenit
504 835 678 886 inquam.
740 837 840 874 PAN.
873 836 975 874 tutin
1011 836 1119 887 ipsus
1154 836 1284 886 ipsum
1324 835 1488 875 uidisti?
1545 839 1603 877 ΡΙ.

1451 902 1602 941 lubens.

207 981 249 1014 50
268 966 418 1016 argenti
445 966 450 1019 Ι
475 965 640 1017 aurique
660 966 820 1006 aduexit
841 966 1019 1006 nimium.
1068 968 1142 1005 GE.
1176 966 1285 1004 nimi’
1305 968 1453 1005 facturn
1478 967 1604 1006 bene!

268 1033 399 1070 hercle
421 1045 515 1070 uero
536 1032 690 1082 capiam
712 1045 853 1082 scopas
874 1040 993 1082 atque
1014 1033 1091 1071 hoc
1113 1045 1348 1071 conuorram
1369 1032 1521 1070 lubens.
1626 1043 1691 1080 375

270 1099 328 1136 P1.
366 1099 497 1136 lanam
537 1112 831 1149 purpuramque
870 1099 1045 1137 multam.
1107 1099 1183 1137 GE.
1220 1097 1278 1136 est
1318 1097 1384 1148 qui
1424 1105 1602 1136 uentrem

1422 1162 1599 1201 uestiam.

267 1231 325 1268 ΡΙ.
358 1231 482 1268 lectos
502 1229 697 1277 eburatos‚
720 1238 888 1269 auratos.
949 1231 1022 1269 GE.
1054 1230 1262 1269 accubabo
1282 1229 1396 1280 regie.

268 1296 327 1333 P1.
359 1302 442 1333 turn
466 1295 710 1345 Babylonica
730 1304 767 1334 et
789 1296 1021 1346 peristroma
1042 1295 1199 1333 tonsilia
1220 1304 1258 1333 et
1279 1294 1453 1345 tappetia

207 1376 246 1408 55
265 1360 438 1408 aduexit,
461 1360 627 1398 nimium
650 1361 780 1399 bonae
801 1361 866 1399 rei.
925 1362 999 1399 GE.
1033 1362 1164 1400 hercle
1185 1374 1267 1399 rem
1288 1368 1438 1411 gestam
1460 1360 1562 1399 bene
1580 1363 1587 1399 !

266 1428 325 1464 Pr.
358 1434 482 1477 poste,
506 1433 548 1464 ut
569 1426 707 1476 occepi
730 1439 893 1473 narrare,
917 1425 1107 1472 fidicinas,
1131 1426 1324 1473 tibicinas,
1622 1428 1691 1473 380

265 1491 475 1530 sambucas
495 1491 655 1530 aduexit
676 1504 810 1529 secum
832 1492 957 1529 forma
977 1491 1129 1529 eximia.
1192 1492 1265 1529 GF..
1298 1493 1473 1542 etigepae
1491 1494 1497 1529 !

265 1558 428 1608 quando
448 1556 653 1603 adbibero,
676 1556 918 1595 adludiabo:
948 1564 1032 1594 tum
1055 1570 1141 1594 sum
1164 1556 1489 1596 ridiculissurnus.

265 1624 323 1661 P1.
355 1629 469 1673 poste
499 1629 701 1672 unguenta
731 1621 1032 1672 multigenerum
1064 1623 1196 1660 multa.
1249 1623 1323 1661 GE.
1355 1635 1436 1660 non
1467 1623 1600 1661 uendo

1475 1689 1596 1738 logos.

203 1760 245 1794 60
264 1753 342 1792 iam
363 1752 478 1806 (iam)
498 1767 577 1792 non
600 1752 702 1792 facio
721 1753 959 1800 auctionem,
985 1753 1037 1791 mi
1059 1753 1198 1804 optigit
1219 1753 1440 1793 hereditas:

264 1820 451 1868 maliuoli,
475 1820 754 1871 perquisitores
774 1820 1016 1868 auctionum,
1040 1821 1235 1872 perierint.
1618 1825 1684 1870 385

264 1887 471 1932 Herculea
495 1887 706 1924 decumam
728 1899 813 1924 esse
834 1887 1044 1924 adauctam
1066 1886 1136 1924 tibi
1158 1899 1277 1936 quam
1299 1886 1393 1925 uoui
1413 1887 1594 1937 gratulor.

263 1965 352 2003 spes
386 1959 444 1990 est
478 1952 640 1990 tandem
674 1950 890 2001 aliquando
926 1951 1178 2002 inportunam
1214 1951 1367 2002 exigere
1400 1966 1447 1991 ex
1485 1960 1597 1991 utero

1438 2018 1594 2056 famem.

305 2131 365 2161 371
403 2122 537 2153 interim
559 2121 592 2152 P
700 2131 763 2161 372
788 2121 967 2162 delocutus
983 2123 1015 2151 Α
1113 2127 1145 2153 et
1163 2133 1192 2153 u.
1215 2133 1258 2153 m.
1278 2121 1413 2153 Pu'nacz'o
1427 2123 1597 2154 continuat

261 2166 294 2196 A
452 2176 515 2205 373
540 2170 598 2196 tun
614 2175 689 2196 eum
709 2167 817 2206 ipsum
836 2166 972 2196 uidisti?
1024 2165 1073 2196 P1.
1092 2166 1136 2196 ita
1154 2177 1218 2205 ego
1236 2166 1343 2197 libens
1361 2166 1392 2196 Ρ
1531 2177 1594 2206 374

261 2208 406 2252 (atque)
433 2210 565 2248 argenti
598 2208 756 2240 Mm'ller:
794 2209 1040 2251 argenti<quc>
1074 2209 1231 2240 Gm'ctus:
1269 2221 1313 2240 (m
1345 2209 1509 2252 (lubens)
1540 2213 1594 2242 as?

263 2252 418 2292 nimium]
444 2254 584 2284 multum
602 2253 635 2283 Ρ
792 2254 856 2292 376
879 2257 931 2283 est
956 2256 1006 2292 (e)
1028 2253 1076 2283 vel
1095 2264 1147 2284 em
1167 2254 1217 2293 (e)
1237 2252 1270 2283 Ρ
1411 2263 1473 2293 377
1498 2264 1593 2285 accu-

262 2297 368 2328 babor
393 2297 468 2337 egle
494 2297 527 2327 P
655 2297 718 2336 378
742 2296 823 2327 Tam
852 2296 886 2326 P
981 2297 1241 2337 peristromaton
1269 2296 1342 2327 silla
1368 2296 1401 2327 P
1528 2308 1594 2338 379

263 2341 378 2372 hercle
395 2351 460 2372 om.
480 2341 512 2371 A
628 2341 687 2380 381
716 2341 849 2371 exumia
866 2339 899 2370 Ρ
916 2341 985 2380 [vix
1000 2341 1278 2380 antsquaformai
1395 2341 1458 2380 383
1483 2341 1592 2372 multi-

263 2396 388 2424 genera
416 2385 551 2416 Guictus
655 2384 746 2414 locos
771 2384 802 2413 A
936 2385 998 2422 384
1025 2385 1087 2415 iam
1112 2383 1221 2426 (iam)
1239 2383 1364 2414 Bothe:
1399 2386 1460 2414 iam
1489 2385 1595 2426 (ego)

262 2428 391 2459 Rz‘tsclzl
507 2429 569 2468 385
595 2429 770 2468 perierunt
794 2428 825 2457 A
938 2429 1002 2466 386
1028 2427 1226 2459 Hcrcoleles
1245 2428 1276 2458 Ρ
1393 2431 1454 2467 387
1480 2439 1544 2459 om.
1566 2427 1598 2461 Ρ
