1747 2740
722 131 962 171 STICHVS
1470 132 1499 172 I.
1522 134 1552 172 ii

171 241 272 278 PAN.
307 240 338 279 is
370 248 428 279 est
463 248 624 280 ecastor.
694 242 792 280 ferre
824 242 1039 279 aduorsum
1076 241 1227 280 homini
1263 255 1505 292 occupemus

1312 308 1504 346 osculum.

104 385 152 420 90
172 373 276 410 ΡΑΜ.
309 373 430 419 salue,
452 371 504 409 mi
526 379 644 422 pater.
706 374 784 410 AN.
818 379 856 411 et
886 386 958 411 uos
987 372 1139 411 ambae.
1201 373 1290 411 ilico
1316 373 1418 423 agite
1442 374 1507 412 ad-

1377 435 1504 478 sidite.

173 504 277 541 PAM.
309 504 624 542 osculum—AN.
658 511 716 542 sat
744 511 803 542 est
830 503 954 543 &sculi
982 503 1078 542 mihi
1108 504 1240 543 uostri.
1301 507 1400 542 ΡΑΝ.
1426 506 1504 555 qui,

1189 570 1343 616 amabo,
1368 571 1507 620 pater?

170 635 249 672 AN.
282 633 375 684 quia
409 633 462 672 ita
497 648 608 673 meae
644 634 800 674 animae
834 636 982 674 salsura
1014 634 1156 674 euenit.
1230 637 1335 673 ΡΑΜ.
1367 634 1506 674 adside
1529 649 1567 680 35

1285 700 1360 747 hic,
1383 707 1503 751 pater.

170 765 248 802 AN.
281 777 362 802 non
383 765 504 803 sedeo
525 764 599 812 isti,
622 779 693 803 uos
715 766 875 813 sedete3
905 779 978 815 ego
999 767 1138 805 sedero
1159 765 1199 803 in
1221 766 1419 805 subsellio.

171 831 273 868 ΡΑΝ.
306 843 432 877 mane,
462 830 807 881 puluinum—AN.
842 831 943 870 bene
974 845 1169 882 procuras.
1231 831 1327 869 mihi
1348 831 1431 870 sati'
1452 831 1507 870 sic

1149 898 1339 935 fultumst.
1399 897 1505 935 sede.

105 973 147 1010 95
172 963 275 999 ΡΑΜ.
308 960 403 1008 sine,
441 969 559 1011 pater.
630 963 707 999 AN.
747 961 843 1012 quid
878 963 1024 1012 opust?
1094 964 1194 1000 ΡΑΝ.
1228 970 1354 1012 opust.
1426 964 1504 1000 AN.

613 1027 763 1065 mdrem
786 1026 855 1064 tibi
877 1040 1020 1076 geram.
1081 1034 1200 1077 atque
1223 1028 1300 1066 hoc
1322 1034 1379 1065 est
1401 1026 1504 1065 satis.

172 1094 275 1130 PAM.
309 1105 527 1142 numquam
553 1091 658 1130 enim
685 1091 792 1130 nimi’
813 1105 947 1130 curare
975 1100 1141 1142 possunt
1163 1106 1275 1131 suom
1302 1100 1505 1143 parentem

1391 1159 1502 1198 filiae.

171 1239 290 1276 quern
321 1224 503 1276 aequiust
530 1225 602 1264 nes
631 1224 825 1275 potiorem
860 1225 1006 1264 habere
1039 1239 1158 1276 quam
1186 1227 1254 1264 te?
1311 1224 1503 1275 postidea,
1526 1243 1568 1273 40

1383 1297 1503 1340 pater,

172 1356 276 1395 uiros
298 1363 463 1403 nostros,
487 1355 631 1406 quibus
653 1350 695 1394 tu
716 1354 875 1394 uoluisti
897 1369 982 1394 esse
1003 1369 1076 1394 nos
1099 1356 1241 1394 matres
1264 1354 1440 1394 familias.

172 1423 250 1460 AN.
284 1422 408 1460 bonas
430 1429 472 1460 ut
492 1428 701 1471 aequomst
723 1422 850 1460 facere
871 1420 1007 1469 facitis,
1032 1434 1154 1471 quom
1177 1428 1308 1459 tamen
1333 1420 1507 1470 apsentis

1403 1485 1507 1524 uiros

89 1566 155 1594 100
173 1552 337 1603 perinde
367 1551 520 1591 habetis
548 1551 660 1603 quasi
688 1559 914 1602 praesentes
947 1550 1058 1590 sient.
1130 1553 1236 1589 ΡΑΜ.
1266 1549 1505 1602 pudicitiast,

1385 1624 1506 1668 pater,

170 1697 238 1723 eos
259 1697 332 1723 nos
354 1684 617 1734 magnuficare
639 1683 707 1734 qui
728 1696 801 1722 nos
823 1682 948 1722 socias
970 1689 1221 1733 sumpserunt
1242 1681 1328 1720 sibi.

169 1751 249 1788 AN.
281 1763 376 1788 num
398 1749 485 1799 quis
506 1749 570 1787 hic
591 1748 649 1787 e'st
670 1748 821 1787 alienus
842 1747 985 1786 nostris
1006 1747 1122 1787 dictis
1146 1761 1293 1798 auceps
1317 1746 1507 1786 auribus?
1526 1760 1566 1792 45

170 1816 270 1854 PAN.
304 1816 434 1853 nullus
458 1822 610 1865 praeter
637 1827 790 1864 nosque
818 1821 947 1864 teque.
1012 1815 1090 1851 AN.
1124 1820 1301 1852 uostrum
1328 1812 1506 1851 animum

1188 1877 1368 1918 adhiberi
1389 1879 1482 1916 uolo
1498 1892 1508 1926 ,·

170 1946 262 1985 nam
283 1959 357 1997 ego
377 1946 428 1985 ad
449 1959 520 1984 uos
541 1959 648 1984 nunc
669 1944 859 1996 inperitus
880 1958 1008 1984 rerum
1030 1951 1068 1984 et
1090 1957 1244 1983 morum
1267 1943 1476 1982 mulierum

87 2022 149 2060 105
170 2011 386 2062 discipulus
408 2011 526 2050 uenio
546 2012 597 2050 ad
619 2010 822 2061 magistras
842 2025 849 2048 z
880 2010 1016 2061 quibu'
1037 2017 1236 2049 matronas
1258 2008 1433 2048 moribus

212 2117 255 2155 89
279 2115 451 2146 hominem
469 2115 502 2146 P
630 2126 673 2155 90
698 2115 776 2146 ilico
798 2115 889 2154 agite
916 2114 1024 2155 [istic]
1050 2113 1083 2143 A
1113 2113 1191 2155 (Ην.
1216 2113 1249 2144 2Ὗ
1384 2122 1420 2152 91
1450 2113 1505 2152 qui

170 2158 330 2203 am<a>b0
366 2160 409 2189 mi
448 2165 545 2199 pater
582 2158 647 2190 cod.
682 2159 771 2189 Festi
804 2168 862 2198 197
1039 2167 1082 2197 93
1117 2158 1166 2189 vel
1199 2158 1273 2188 istic
1305 2157 1364 2197 (ita
1396 2156 1504 2196 codd.)

171 2203 308 2244 sedero]
335 2204 454 2233 sedere
482 2203 515 2232 A
635 2213 677 2242 94
702 2203 752 2234 vel
769 2202 814 2232 sic
828 2202 992 2242 distingne
1009 2211 1106 2231 mane
1125 2201 1301 2241 puluinum
1391 2200 1439 2230 vel
1453 2205 1505 2231 sat

173 2248 259 2278 ΡΛΝ.
282 2246 347 2287 (vel
370 2247 475 2284 PAM.)
504 2247 585 2276 sede
603 2247 634 2276 A
656 2258 662 2277 :
688 2246 765 2276 mihi
783 2245 817 2275 Ρ
933 2256 975 2284 95
1001 2246 1092 2284 atqui
1110 2246 1169 2275 alii
1267 2245 1321 2275 hic
1338 2243 1371 2273 A
1463 2254 1504 2283 97

173 2291 289 2331 quem]
323 2301 401 2330 qum
434 2290 467 2321 Ρ
617 2291 660 2329 98
696 2290 745 2321 vel
775 2289 839 2320 css*
953 2294 987 2318 tu
1022 2298 1084 2318 nos
1113 2289 1247 2319 uoluisti
1278 2298 1354 2318 esse
1381 2287 1508 2318 Ritschl

175 2345 237 2366 100
261 2335 403 2375 proinde
428 2333 482 2365 A:
509 2333 546 2363 dt·
563 2334 703 2373 perinde
720 2334 756 2373 ff.
774 2334 896 2372 Journ.
915 2333 1000 2363 Phil.
1025 2343 1076 2372 21,
1098 2342 1162 2363 210
1265 2342 1348 2371 quas
1366 2331 1398 2362 P
1413 2335 1505 2368 (corr.

171 2378 240 2419 D'·')
352 2388 406 2409 101
435 2388 494 2409 eos
512 2377 591 2419 nos]
610 2387 693 2408 enos
709 2377 742 2407 P
828 2377 902 2416 quis
919 2377 950 2406 l’
966 2386 1058 2416 «οι-ν.
1081 2375 1129 2416 D),
1268 2386 1327 2415 103
1353 2381 1385 2406 tc
1403 2375 1457 2414 qui
1475 2375 1509 2405 P
