1747 2740
233 148 286 188 II.
309 148 338 187 ii
722 151 767 189 T.
802 150 983 190 MACCI
1015 147 1219 189 PLAVTI

306 263 380 300 PH.
414 261 579 301 mentire
600 263 754 312 edepol,
771 269 899 312 gnate,
921 270 1041 313 atque
1067 262 1105 301 id
1135 276 1241 301 nunc
1262 263 1356 302 facis
1377 264 1455 302 hau
1475 277 1638 303 consue-

1486 330 1634 368 tudine.

300 406 390 431 narn
413 392 568 443 sapiens
590 392 751 443 quidem
772 394 838 443 pol
860 391 967 443 ipsus
988 392 1099 443 fingit
1120 394 1316 432 fortunam
1338 393 1412 432 sibi
1433 409 1439 432 :

301 471 350 496 eo
371 471 449 495 non
474 459 596 495 multa
616 471 718 507 quae
739 459 875 495 neuolt
896 457 1096 505 eueniunt,
1120 457 1194 496 nisi
1216 459 1328 497 fictor
1348 459 1502 496 nialust.

300 523 370 560 Lv.
403 523 526 560 multa
546 522 599 560 illi
620 536 739 572 opera
759 529 876 572 opust
897 522 1068 568 flemme,
1091 522 1158 572 qui
1179 536 1220 561 se
1242 523 1418 561 fictorem
1440 523 1607 573 probum
1656 531 1721 576 365

238 592 279 633 85
301 586 404 626 uitae
433 588 613 637 agundae
644 601 729 626 esse
759 586 929 638 expetit:
964 588 1034 626 sed
1064 587 1128 626 hic
1157 589 1377 627 admodum
1407 589 1637 627 adulescen-

1501 655 1632 692 tulust.

299 720 373 756 PH.
406 732 486 757 non
507 725 647 766 aetate,
671 731 809 757 uerum
830 716 990 767 ingenio
1009 717 1197 767 apiscitur
1217 717 1433 769 sapientia;

297 783 463 834 sapienti
483 791 591 822 aetas
612 783 963 830 condimentumst,
987 783 1144 834 sapiens
1163 784 1281 822 aetati
1303 784 1443 823 cibust.

296 849 466 899 agedum
487 850 683 899 eloquere,
707 848 803 898 quid
824 849 917 887 dare
945 847 999 886 illi
1024 862 1130 887 nunc
1158 848 1250 888 uis?
1307 851 1378 887 Lv.
1411 848 1508 888 nihil
1528 849 1635 900 quic-

1345 928 1478 964 quam,
1500 922 1610 966 pater
1624 930 1635 964 3

298 988 339 1019 tu
362 981 483 1019 modo
505 994 554 1019 ne
576 993 638 1018 me
659 978 869 1030 prohibeas
889 978 1068 1029 accipere
1089 979 1119 1018 si
1141 979 1237 1030 quid
1258 981 1326 1019 det
1346 979 1453 1018 mihi.
1653 992 1723 1027 370

236 1062 280 1096 90
300 1048 373 1085 PH.
405 1060 456 1084 an
477 1059 525 1085 eo
546 1053 759 1097 egestatem
781 1045 815 1084 ei
838 1045 1036 1093 tolerabis,
1052 1045 1083 1084 si
1104 1046 1202 1096 quid
1221 1047 1272 1085 ab
1293 1045 1360 1086 illo
1379 1045 1608 1096 acceperis?

300 1113 368 1150 Lv.
401 1125 460 1158 eo,
483 1119 602 1162 pater.
664 1113 738 1149 PH.
770 1112 836 1161 pol
867 1124 940 1161 ego
970 1110 1085 1150 istam
1113 1113 1206 1150 uolo
1232 1125 1296 1150 me
1323 1111 1515 1150 rationem
1542 1112 1634 1150 edo-

1265 1189 1365 1215 ceas.
1427 1177 1496 1214 Lv.
1528 1175 1630 1215 licet.

295 1242 378 1282 scin
396 1249 437 1280 tu
452 1241 560 1280 illum
578 1254 658 1292 quo
673 1254 815 1291 genere
832 1248 946 1279 natus
963 1240 1010 1279 sit
1025 1243 1041 1280 ?
1088 1243 1163 1280 PH.
1187 1241 1281 1289 scio,
1298 1240 1476 1292 adprime
1492 1241 1629 1291 probo.

297 1310 367 1347 Lv.
400 1321 508 1346 soror
529 1306 582 1345 illi
604 1314 662 1345 est
682 1307 818 1345 adulta
839 1305 949 1356 uirgo
969 1306 1152 1356 grandis:
1183 1320 1269 1345 eam
1292 1306 1421 1356 cupio,
1445 1314 1564 1356 pater,

296 1374 441 1412 ducere
462 1385 621 1410 uxorem
644 1371 728 1410 sine
744 1372 848 1410 dote.
902 1373 975 1408 PH.
999 1370 1083 1409 sine
1104 1372 1198 1409 dote
1219 1372 1413 1409 uxorem?
1461 1372 1531 1409 Lv.
1555 1370 1608 1409 ita
1623 1385 1633 1419 5
1651 1382 1717 1419 375

235 1451 277 1485 95
298 1445 365 1476 tua
386 1452 425 1476 re
445 1438 554 1475 salua
574 1438 650 1475 hoc
673 1444 789 1487 pacto
809 1436 860 1474 ab
881 1435 948 1474 illo
969 1449 1166 1474 summam
1189 1435 1305 1474 inibis
1325 1434 1488 1486 gratiam

296 1517 426 1554 neque
447 1501 696 1542 commodius
718 1503 798 1540 ullo
819 1509 934 1552 pacto
955 1501 990 1540 ei
1011 1500 1156 1551 poteris
1176 1500 1404 1540 auxiliarier.

296 1571 370 1608 PH.
403 1582 529 1620 egone
564 1567 783 1606 indotatam
815 1574 853 1605 te
886 1580 1045 1605 uxorem
1078 1574 1120 1605 ut
1152 1565 1306 1616 patiar?
1380 1567 1449 1604 Lv.
1481 1567 1631 1617 patiun-

1330 1632 1475 1679 dumst,
1497 1640 1631 1682 pater3

297 1707 336 1739 et
356 1713 404 1739 eo
424 1706 541 1749 pacto
561 1697 761 1737 addideris
783 1705 939 1736 nostrae
960 1696 1132 1748 lepidam
1155 1698 1299 1735 famam
1321 1696 1500 1736 familiae.

298 1766 373 1803 PH.
396 1766 519 1802 multa
539 1777 611 1813 ego
633 1776 794 1813 possum
811 1763 929 1801 docta
945 1762 1051 1801 dicta
1067 1770 1105 1801 et
1121 1762 1303 1812 quamuis
1321 1762 1491 1801 facunde
1508 1761 1630 1812 loqui,
1650 1768 1718 1812 380

216 1846 277 1869 100
297 1828 499 1868 historiam
527 1836 701 1867 ueterem
728 1835 847 1878 atque
874 1827 1079 1877 antiquam
1108 1828 1206 1866 haec
1234 1840 1322 1866 mea
1348 1834 1530 1865 senectus
1551 1839 1631 1865 sus-

1509 1892 1605 1932 tinet
1622 1907 1632 1941 ς

1066 2005 1081 2023 e
1099 2002 1110 2022 ῑ

341 2035 404 2072 364
429 2044 469 2064 eo
493 2032 640 2063 ncmulta
657 2031 689 2062 P
787 2041 828 2062 m.
849 2031 915 2063 sict
928 2031 961 2061 P
973 2033 1068 2072 &pro
1080 2031 1118 2071 si,
1138 2031 1158 2062 ι’.
1174 2042 1198 2062 c.
1218 2031 1246 2063 si
1263 2042 1342 2063 corr.
1356 2032 1421 2066 est)
1564 2033 1629 2071 365

298 2078 400 2108 multa
412 2077 459 2116 illi
471 2087 572 2116 opera
587 2075 726 2107 multust
742 2075 772 2106 fi.
789 2075 820 2105 A
839 2075 936 2116 (siglo
948 2076 1076 2112 erroris,
1090 2079 1128 2105 ut
1138 2074 1216 2114 vid„
1229 2075 1471 2115 supet-multust
1482 2075 1626 2115 scripto&

296 2121 417 2152 multas
445 2124 517 2161 (pro
542 2119 715 2157 multastZ)
747 2130 851 2159 opera
875 2129 962 2158 opus
987 2119 1019 2149 fi.
1044 2118 1077 2148 P
1193 2120 1257 2158 366
1280 2119 1415 2159 expetis
1431 2118 1465 2149 P
1549 2119 1629 2149 adu-

297 2164 504 2197 lescentulus
520 2164 551 2194 P
645 2165 708 2202 367
734 2168 879 2194 aetatem
898 2162 930 2192 P
1016 2163 1213 2202 adipiscitur
1230 2162 1262 2192 Ρ
1356 2163 1431 2202 368.
1449 2162 1514 2202 369
1529 2162 1565 2202 ef
1586 2162 1634 2192 ad

295 2221 324 2241 v.
356 2210 415 2247 361
561 2208 624 2246 368
650 2208 900 2237 condimentum
928 2205 960 2235 A
1096 2208 1161 2245 369
1184 2207 1274 2246 quod
1300 2206 1333 2236 A
1435 2205 1529 2236 nihili
1557 2207 1628 2245 qui-

296 2262 394 2292 quam
412 2251 445 2282 P
574 2261 633 2290 371
662 2252 691 2281 ei
718 2249 843 2281 Bothe:
867 2256 899 2280 et
917 2249 965 2280 P:
985 2260 1003 2279 e
1022 2250 1054 2279 A
1156 2249 1341 2281 tolerabilis
1365 2249 1398 2279 A
1426 2252 1516 2284 (cum
1538 2248 1626 2280 pem

296 2306 359 2335 373
383 2296 534 2335 aprimeo
550 2294 657 2334 probo
672 2295 702 2324 A
805 2304 865 2333 374
893 2294 1006 2323 aduita
1025 2295 1056 2323 Α
1077 2293 1104 2332 (1
1119 2300 1180 2334 pro
1195 2294 1238 2334 L)
1331 2302 1396 2332 375
1418 2294 1628 2323 uxoremne?

297 2339 378 2370 Reiz
491 2340 556 2378 376
581 2338 678 2368 inibis
695 2348 856 2368 summam
876 2336 908 2366 P
1002 2347 1063 2376 377
1090 2337 1311 2368 auxiliarerA
1429 2338 1493 2375 378
1517 2346 1582 2375 ego
1598 2334 1632 2366 P

298 2386 323 2422 (ἕ
339 2390 399 2424 pm
417 2384 521 2421 egoni
613 2387 645 2412 tc
672 2392 739 2412 0111.
757 2382 788 2411 A
881 2386 912 2410 te
933 2381 1116 2411 indotatam
1135 2381 1288 2422 Kaenipf
1376 2390 1440 2419 379
1464 2385 1578 2410 nostra
1598 2378 1631 2409 P

297 2429 361 2466 380
386 2428 485 2458 docte
503 2426 534 2455 Α
627 2431 660 2456 ct
678 2425 734 2455 (ΙΝ.
753 2425 914 2456 Frstssclu·
