<?xml version="1.0" encoding="UTF-8"?>
<!DOCTYPE html PUBLIC "-//W3C//DTD XHTML 1.0 Transitional//EN"
    "http://www.w3.org/TR/xhtml1/DTD/xhtml1-transitional.dtd">
<html xmlns="http://www.w3.org/1999/xhtml" xml:lang="en" lang="en">
 <head>
  <title>
</title>
<meta http-equiv="Content-Type" content="text/html;charset=utf-8" />
  <meta name='ocr-system' content='tesseract 3.04.00' />
  <meta name='ocr-capabilities' content='ocr_page ocr_carea ocr_par ocr_line ocrx_word'/>
</head>
<body>
  <div class='ocr_page' id='page_1' title='image "./comoediaerecogno02plau_0035.png"; bbox 0 0 1747 2740; ppageno 0'>
   <div class='ocr_carea' id='block_1_1' title="bbox 551 140 1558 182">
    <p class='ocr_par' dir='ltr' id='par_1_1' title="bbox 551 140 1558 182">
     <span class='ocr_line' id='line_1_1' title="bbox 551 140 1558 182; baseline -0.005 0"><span class='ocrx_word' id='word_1_1' title='bbox 551 145 724 182; x_wconf 89' lang='lat' dir='ltr'>MILES</span> <span class='ocrx_word' id='word_1_2' title='bbox 757 142 1073 182; x_wconf 89' lang='lat' dir='ltr'>GLORIOSVS</span> <span class='ocrx_word' id='word_1_3' title='bbox 1435 142 1490 178; x_wconf 91' lang='lat' dir='ltr'><strong>Il.</strong></span> <span class='ocrx_word' id='word_1_4' title='bbox 1512 140 1558 178; x_wconf 84' lang='lat' dir='ltr'><strong>iii</strong></span> 
     </span>
    </p>
   </div>
   <div class='ocr_carea' id='block_1_2' title="bbox 161 249 1242 306">
    <p class='ocr_par' dir='ltr' id='par_1_2' title="bbox 161 249 1242 306">
     <span class='ocr_line' id='line_1_2' title="bbox 161 249 1242 306; baseline -0.006 -11"><span class='ocrx_word' id='word_1_5' title='bbox 161 269 243 295; x_wconf 90' lang='lat' dir='ltr'><strong>non</strong></span> <span class='ocrx_word' id='word_1_6' title='bbox 264 267 336 306; x_wconf 91' lang='lat' dir='ltr'><strong>ego</strong></span> <span class='ocrx_word' id='word_1_7' title='bbox 357 267 519 305; x_wconf 71' lang='lat' dir='ltr'><strong>possum</strong></span> <span class='ocrx_word' id='word_1_8' title='bbox 539 267 640 304; x_wconf 89' lang='lat' dir='ltr'><strong>quae</strong></span> <span class='ocrx_word' id='word_1_9' title='bbox 661 252 746 303; x_wconf 90' lang='lat' dir='ltr'><strong>ipsa</strong></span> <span class='ocrx_word' id='word_1_10' title='bbox 765 265 851 290; x_wconf 82' lang='lat' dir='ltr'><strong>sese</strong></span> <span class='ocrx_word' id='word_1_11' title='bbox 872 250 1051 290; x_wconf 88' lang='lat' dir='ltr'><strong>uenditat</strong></span> <span class='ocrx_word' id='word_1_12' title='bbox 1072 249 1242 289; x_wconf 80' lang='lat' dir='ltr'><strong>tutarier.</strong></span> 
     </span>
    </p>
   </div>
   <div class='ocr_carea' id='block_1_3' title="bbox 161 380 1496 433">
    <p class='ocr_par' dir='ltr' id='par_1_3' title="bbox 161 380 1496 433">
     <span class='ocr_line' id='line_1_3' title="bbox 161 380 1496 433; baseline -0.005 -8"><span class='ocrx_word' id='word_1_13' title='bbox 161 388 231 424; x_wconf 83' lang='grc' dir='ltr'><strong>ΡΑ.</strong></span> <span class='ocrx_word' id='word_1_14' title='bbox 263 385 457 432; x_wconf 83' lang='lat' dir='ltr'><strong>Sceledre,</strong></span> <span class='ocrx_word' id='word_1_15' title='bbox 491 384 685 430; x_wconf 84' lang='lat' dir='ltr'><strong>Sceledre,</strong></span> <span class='ocrx_word' id='word_1_16' title='bbox 720 382 807 433; x_wconf 87' lang='lat' dir='ltr'><strong>quis</strong></span> <span class='ocrx_word' id='word_1_17' title='bbox 848 383 970 420; x_wconf 90' lang='lat' dir='ltr'><strong>homo</strong></span> <span class='ocrx_word' id='word_1_18' title='bbox 1009 380 1048 419; x_wconf 91' lang='lat' dir='ltr'><strong>in</strong></span> <span class='ocrx_word' id='word_1_19' title='bbox 1089 388 1189 420; x_wconf 86' lang='lat' dir='ltr'><strong>terra</strong></span> <span class='ocrx_word' id='word_1_20' title='bbox 1227 388 1265 419; x_wconf 90' lang='lat' dir='ltr'><strong>te</strong></span> <span class='ocrx_word' id='word_1_21' title='bbox 1303 382 1400 419; x_wconf 91' lang='lat' dir='ltr'><strong>alter</strong></span> <span class='ocrx_word' id='word_1_22' title='bbox 1437 387 1496 419; x_wconf 86' lang='lat' dir='ltr'><strong>est</strong></span> 
     </span>
    </p>
   </div>
   <div class='ocr_carea' id='block_1_4' title="bbox 74 445 1499 746">
    <p class='ocr_par' dir='ltr' id='par_1_4' title="bbox 1280 445 1497 485">
     <span class='ocr_line' id='line_1_4' title="bbox 1280 445 1497 485; baseline 0 -1"><span class='ocrx_word' id='word_1_23' title='bbox 1280 445 1497 485; x_wconf 80' lang='lat' dir='ltr'>audacior?</span> 
     </span>
    </p>

    <p class='ocr_par' dir='ltr' id='par_1_5' title="bbox 160 510 1499 626">
     <span class='ocr_line' id='line_1_5' title="bbox 160 510 1493 567; baseline -0.005 -12"><span class='ocrx_word' id='word_1_24' title='bbox 160 516 248 567; x_wconf 92' lang='lat' dir='ltr'><strong>quis</strong></span> <span class='ocrx_word' id='word_1_25' title='bbox 282 514 395 566; x_wconf 86' lang='lat' dir='ltr'><strong>magi’</strong></span> <span class='ocrx_word' id='word_1_26' title='bbox 429 515 490 554; x_wconf 88' lang='lat' dir='ltr'><strong>dis</strong></span> <span class='ocrx_word' id='word_1_27' title='bbox 524 513 693 553; x_wconf 88' lang='lat' dir='ltr'><strong>inimicis</strong></span> <span class='ocrx_word' id='word_1_28' title='bbox 724 521 838 552; x_wconf 88' lang='lat' dir='ltr'><strong>natus</strong></span> <span class='ocrx_word' id='word_1_29' title='bbox 869 526 989 563; x_wconf 88' lang='lat' dir='ltr'><strong>quam</strong></span> <span class='ocrx_word' id='word_1_30' title='bbox 1019 519 1061 550; x_wconf 89' lang='lat' dir='ltr'><strong>tu</strong></span> <span class='ocrx_word' id='word_1_31' title='bbox 1090 520 1210 562; x_wconf 89' lang='lat' dir='ltr'><strong>atque</strong></span> <span class='ocrx_word' id='word_1_32' title='bbox 1241 510 1376 549; x_wconf 89' lang='lat' dir='ltr'><strong>iratis?</strong></span> <span class='ocrx_word' id='word_1_33' title='bbox 1432 514 1493 549; x_wconf 82' lang='lat' dir='ltr'><strong>Sc.</strong></span> 
     </span>
     <span class='ocr_line' id='line_1_6' title="bbox 1293 576 1499 626; baseline 0 -12"><span class='ocrx_word' id='word_1_34' title='bbox 1293 576 1389 626; x_wconf 89' lang='lat' dir='ltr'><strong>quid</strong></span> <span class='ocrx_word' id='word_1_35' title='bbox 1411 578 1499 614; x_wconf 87' lang='lat' dir='ltr'><strong>est?</strong></span> 
     </span>
    </p>

    <p class='ocr_par' dir='ltr' id='par_1_6' title="bbox 74 641 1498 746">
     <span class='ocr_line' id='line_1_7' title="bbox 74 641 1498 698; baseline -0.005 -12"><span class='ocrx_word' id='word_1_36' title='bbox 74 661 138 698; x_wconf 86' lang='lat'><strong>315</strong></span> <span class='ocrx_word' id='word_1_37' title='bbox 162 649 230 686; x_wconf 83' lang='lat' dir='ltr'><strong>PA.</strong></span> <span class='ocrx_word' id='word_1_38' title='bbox 263 647 383 686; x_wconf 89' lang='lat' dir='ltr'><strong>iuben</strong></span> <span class='ocrx_word' id='word_1_39' title='bbox 405 645 476 685; x_wconf 88' lang='lat' dir='ltr'><strong>tibi</strong></span> <span class='ocrx_word' id='word_1_40' title='bbox 497 647 634 685; x_wconf 88' lang='lat' dir='ltr'><strong>oculos</strong></span> <span class='ocrx_word' id='word_1_41' title='bbox 655 644 830 692; x_wconf 88' lang='lat' dir='ltr'><strong>ecfodiri,</strong></span> <span class='ocrx_word' id='word_1_42' title='bbox 853 643 998 694; x_wconf 90' lang='lat' dir='ltr'><strong>quibus</strong></span> <span class='ocrx_word' id='word_1_43' title='bbox 1019 643 1060 682; x_wconf 90' lang='lat' dir='ltr'><strong>id</strong></span> <span class='ocrx_word' id='word_1_44' title='bbox 1082 644 1191 694; x_wconf 89' lang='lat' dir='ltr'><strong>quod</strong></span> <span class='ocrx_word' id='word_1_45' title='bbox 1213 655 1409 692; x_wconf 84' lang='lat' dir='ltr'>nusquam</span> <span class='ocrx_word' id='word_1_46' title='bbox 1433 641 1498 679; x_wconf 82' lang='lat' dir='ltr'><strong>hic</strong></span> 
     </span>
     <span class='ocr_line' id='line_1_8' title="bbox 1356 707 1498 746; baseline 0 0"><span class='ocrx_word' id='word_1_47' title='bbox 1356 707 1498 746; x_wconf 80' lang='lat' dir='ltr'><strong>uides?</strong></span> 
     </span>
    </p>
   </div>
   <div class='ocr_carea' id='block_1_5' title="bbox 71 772 1498 1807">
    <p class='ocr_par' dir='ltr' id='par_1_7' title="bbox 72 772 1498 1339">
     <span class='ocr_line' id='line_1_9' title="bbox 160 772 1496 828; baseline -0.006 -11"><span class='ocrx_word' id='word_1_48' title='bbox 160 779 222 817; x_wconf 88' lang='lat' dir='ltr'><strong>SC.</strong></span> <span class='ocrx_word' id='word_1_49' title='bbox 255 776 363 828; x_wconf 91' lang='lat' dir='ltr'><strong>quid,</strong></span> <span class='ocrx_word' id='word_1_50' title='bbox 400 777 628 827; x_wconf 87' lang='lat' dir='ltr'>nusquam?</span> <span class='ocrx_word' id='word_1_51' title='bbox 685 777 754 814; x_wconf 83' lang='grc' dir='ltr'><strong>ΡΑ.</strong></span> <span class='ocrx_word' id='word_1_52' title='bbox 788 788 868 814; x_wconf 89' lang='lat' dir='ltr'><strong>non</strong></span> <span class='ocrx_word' id='word_1_53' title='bbox 904 788 977 824; x_wconf 88' lang='lat' dir='ltr'><strong>ego</strong></span> <span class='ocrx_word' id='word_1_54' title='bbox 1017 781 1125 812; x_wconf 87' lang='lat' dir='ltr'><strong>tuam</strong></span> <span class='ocrx_word' id='word_1_55' title='bbox 1165 772 1334 823; x_wconf 85' lang='lat' dir='ltr'><strong>empsim</strong></span> <span class='ocrx_word' id='word_1_56' title='bbox 1373 772 1496 810; x_wconf 88' lang='lat' dir='ltr'><strong>uitam</strong></span> 
     </span>
     <span class='ocr_line' id='line_1_10' title="bbox 1217 838 1492 877; baseline -0.004 -1"><span class='ocrx_word' id='word_1_57' title='bbox 1217 838 1360 877; x_wconf 88' lang='lat' dir='ltr'><strong>uitiosa</strong></span> <span class='ocrx_word' id='word_1_58' title='bbox 1380 851 1492 876; x_wconf 91' lang='lat' dir='ltr'><strong>nuce.</strong></span> 
     </span>
     <span class='ocr_line' id='line_1_11' title="bbox 161 905 1498 959; baseline -0.004 -12"><span class='ocrx_word' id='word_1_59' title='bbox 161 910 222 948; x_wconf 89' lang='lat' dir='ltr'><strong>Sc.</strong></span> <span class='ocrx_word' id='word_1_60' title='bbox 255 907 352 959; x_wconf 90' lang='lat' dir='ltr'><strong>quid</strong></span> <span class='ocrx_word' id='word_1_61' title='bbox 390 907 590 958; x_wconf 85' lang='lat' dir='ltr'><strong>negotist?</strong></span> <span class='ocrx_word' id='word_1_62' title='bbox 647 908 716 945; x_wconf 87' lang='lat' dir='ltr'><strong>PA.</strong></span> <span class='ocrx_word' id='word_1_63' title='bbox 749 905 845 956; x_wconf 91' lang='lat' dir='ltr'><strong>quid</strong></span> <span class='ocrx_word' id='word_1_64' title='bbox 880 905 1013 955; x_wconf 86' lang='lat' dir='ltr'><strong>negoti</strong></span> <span class='ocrx_word' id='word_1_65' title='bbox 1047 905 1095 944; x_wconf 88' lang='lat' dir='ltr'><strong>sit</strong></span> <span class='ocrx_word' id='word_1_66' title='bbox 1131 905 1273 955; x_wconf 87' lang='lat' dir='ltr'><strong>rogas?</strong></span> <span class='ocrx_word' id='word_1_67' title='bbox 1330 905 1391 943; x_wconf 89' lang='lat' dir='ltr'><strong>Sc.</strong></span> <span class='ocrx_word' id='word_1_68' title='bbox 1424 917 1498 954; x_wconf 92' lang='lat' dir='ltr'><strong>qur</strong></span> 
     </span>
     <span class='ocr_line' id='line_1_12' title="bbox 1230 971 1498 1019; baseline 0.004 -12"><span class='ocrx_word' id='word_1_69' title='bbox 1230 983 1311 1008; x_wconf 89' lang='lat' dir='ltr'><strong>non</strong></span> <span class='ocrx_word' id='word_1_70' title='bbox 1332 982 1466 1019; x_wconf 85' lang='lat' dir='ltr'><strong>rogem</strong></span> <span class='ocrx_word' id='word_1_71' title='bbox 1480 971 1498 1008; x_wconf 89' lang='lat'>?</span> 
     </span>
     <span class='ocr_line' id='line_1_13' title="bbox 160 1034 1497 1087; baseline -0.004 -9"><span class='ocrx_word' id='word_1_72' title='bbox 160 1040 230 1077; x_wconf 83' lang='lat' dir='ltr'><strong>PA.</strong></span> <span class='ocrx_word' id='word_1_73' title='bbox 253 1052 335 1078; x_wconf 91' lang='lat' dir='ltr'><strong>non</strong></span> <span class='ocrx_word' id='word_1_74' title='bbox 348 1046 390 1077; x_wconf 91' lang='lat' dir='ltr'><strong>tu</strong></span> <span class='ocrx_word' id='word_1_75' title='bbox 404 1038 475 1077; x_wconf 84' lang='lat' dir='ltr'><strong>tibi</strong></span> <span class='ocrx_word' id='word_1_76' title='bbox 489 1037 604 1076; x_wconf 86' lang='lat' dir='ltr'><strong>istam</strong></span> <span class='ocrx_word' id='word_1_77' title='bbox 618 1035 883 1087; x_wconf 80' lang='lat' dir='ltr'><strong>praetruncari</strong></span> <span class='ocrx_word' id='word_1_78' title='bbox 898 1036 1072 1086; x_wconf 81' lang='lat' dir='ltr'><strong>linguam</strong></span> <span class='ocrx_word' id='word_1_79' title='bbox 1087 1035 1345 1085; x_wconf 81' lang='lat' dir='ltr'><strong>largiloquam</strong></span> <span class='ocrx_word' id='word_1_80' title='bbox 1361 1034 1497 1073; x_wconf 85' lang='lat' dir='ltr'><strong>iubes?</strong></span> 
     </span>
     <span class='ocr_line' id='line_1_14' title="bbox 159 1101 1496 1155; baseline -0.004 -11"><span class='ocrx_word' id='word_1_81' title='bbox 159 1106 222 1144; x_wconf 89' lang='lat' dir='ltr'><strong>Sc.</strong></span> <span class='ocrx_word' id='word_1_82' title='bbox 253 1104 374 1155; x_wconf 76' lang='lat' dir='ltr'><strong>quam</strong></span> <span class='ocrx_word' id='word_1_83' title='bbox 413 1104 467 1143; x_wconf 92' lang='lat' dir='ltr'><strong>ob</strong></span> <span class='ocrx_word' id='word_1_84' title='bbox 500 1117 582 1142; x_wconf 90' lang='lat' dir='ltr'><strong>rem</strong></span> <span class='ocrx_word' id='word_1_85' title='bbox 622 1103 811 1141; x_wconf 88' lang='lat' dir='ltr'><strong>iubeam?</strong></span> <span class='ocrx_word' id='word_1_86' title='bbox 879 1104 948 1140; x_wconf 73' lang='grc' dir='ltr'><strong>ΡΑ.</strong></span> <span class='ocrx_word' id='word_1_87' title='bbox 983 1101 1321 1140; x_wconf 90' lang='lat' dir='ltr'><strong>Philocomasium</strong></span> <span class='ocrx_word' id='word_1_88' title='bbox 1360 1114 1496 1139; x_wconf 89' lang='lat' dir='ltr'><strong>eccam</strong></span> 
     </span>
     <span class='ocr_line' id='line_1_15' title="bbox 953 1166 1496 1217; baseline -0.004 -11"><span class='ocrx_word' id='word_1_89' title='bbox 953 1166 1075 1214; x_wconf 88' lang='lat' dir='ltr'><strong>domi,</strong></span> <span class='ocrx_word' id='word_1_90' title='bbox 1099 1181 1219 1217; x_wconf 90' lang='lat' dir='ltr'><strong>quam</strong></span> <span class='ocrx_word' id='word_1_91' title='bbox 1241 1166 1282 1204; x_wconf 91' lang='lat' dir='ltr'><strong>in</strong></span> <span class='ocrx_word' id='word_1_92' title='bbox 1303 1179 1496 1217; x_wconf 88' lang='lat' dir='ltr'><strong>proxumo</strong></span> 
     </span>
     <span class='ocr_line' id='line_1_16' title="bbox 72 1233 1478 1289; baseline -0.004 -13"><span class='ocrx_word' id='word_1_93' title='bbox 72 1251 141 1287; x_wconf 88' lang='lat'><strong>320</strong></span> <span class='ocrx_word' id='word_1_94' title='bbox 159 1234 306 1274; x_wconf 82' lang='lat' dir='ltr'><strong>uidisse</strong></span> <span class='ocrx_word' id='word_1_95' title='bbox 325 1234 435 1273; x_wconf 85' lang='lat' dir='ltr'><strong>aibas</strong></span> <span class='ocrx_word' id='word_1_96' title='bbox 455 1241 494 1273; x_wconf 86' lang='lat' dir='ltr'><strong>te</strong></span> <span class='ocrx_word' id='word_1_97' title='bbox 515 1235 761 1289; x_wconf 85' lang='lat' dir='ltr'><strong>osculantem</strong></span> <span class='ocrx_word' id='word_1_98' title='bbox 781 1240 902 1283; x_wconf 86' lang='lat' dir='ltr'><strong>atque</strong></span> <span class='ocrx_word' id='word_1_99' title='bbox 922 1234 1216 1283; x_wconf 83' lang='lat' dir='ltr'><strong>amplexantem</strong></span> <span class='ocrx_word' id='word_1_100' title='bbox 1233 1245 1324 1271; x_wconf 91' lang='lat' dir='ltr'><strong>cum</strong></span> <span class='ocrx_word' id='word_1_101' title='bbox 1345 1233 1478 1271; x_wconf 89' lang='lat' dir='ltr'><strong>altero.</strong></span> 
     </span>
     <span class='ocr_line' id='line_1_17' title="bbox 159 1297 1159 1339; baseline -0.002 -1"><span class='ocrx_word' id='word_1_102' title='bbox 159 1302 221 1339; x_wconf 89' lang='lat' dir='ltr'><strong>SC.</strong></span> <span class='ocrx_word' id='word_1_103' title='bbox 254 1299 434 1338; x_wconf 86' lang='lat' dir='ltr'><strong>mirumst</strong></span> <span class='ocrx_word' id='word_1_104' title='bbox 454 1299 547 1338; x_wconf 92' lang='lat' dir='ltr'><strong>lolio</strong></span> <span class='ocrx_word' id='word_1_105' title='bbox 569 1298 747 1337; x_wconf 86' lang='lat' dir='ltr'><strong>uictitare</strong></span> <span class='ocrx_word' id='word_1_106' title='bbox 768 1306 806 1336; x_wconf 87' lang='lat' dir='ltr'><strong>te</strong></span> <span class='ocrx_word' id='word_1_107' title='bbox 828 1306 907 1336; x_wconf 89' lang='lat' dir='ltr'><strong>tam</strong></span> <span class='ocrx_word' id='word_1_108' title='bbox 929 1297 998 1336; x_wconf 90' lang='lat' dir='ltr'><strong>uili</strong></span> <span class='ocrx_word' id='word_1_109' title='bbox 1021 1297 1159 1337; x_wconf 79' lang='lat' dir='ltr'><strong>tritico.</strong></span> 
     </span>
    </p>

    <p class='ocr_par' dir='ltr' id='par_1_8' title="bbox 160 1363 1494 1479">
     <span class='ocr_line' id='line_1_18' title="bbox 160 1363 1494 1415; baseline -0.001 -12"><span class='ocrx_word' id='word_1_110' title='bbox 160 1367 229 1403; x_wconf 81' lang='grc' dir='ltr'><strong>ΡΑ.</strong></span> <span class='ocrx_word' id='word_1_111' title='bbox 261 1365 358 1415; x_wconf 91' lang='lat' dir='ltr'><strong>quid</strong></span> <span class='ocrx_word' id='word_1_112' title='bbox 378 1364 486 1403; x_wconf 89' lang='lat' dir='ltr'><strong>iam?</strong></span> <span class='ocrx_word' id='word_1_113' title='bbox 543 1365 605 1403; x_wconf 88' lang='lat' dir='ltr'><strong>SC.</strong></span> <span class='ocrx_word' id='word_1_114' title='bbox 638 1363 731 1414; x_wconf 89' lang='lat' dir='ltr'><strong>quia</strong></span> <span class='ocrx_word' id='word_1_115' title='bbox 746 1363 991 1402; x_wconf 83' lang='lat' dir='ltr'><strong>luscitiosu&#39;S.</strong></span> <span class='ocrx_word' id='word_1_116' title='bbox 1054 1365 1124 1402; x_wconf 71' lang='grc' dir='ltr'><strong>ΡΑ.</strong></span> <span class='ocrx_word' id='word_1_117' title='bbox 1149 1364 1326 1411; x_wconf 91' lang='lat' dir='ltr'><strong>uerbero,</strong></span> <span class='ocrx_word' id='word_1_118' title='bbox 1351 1364 1494 1414; x_wconf 90' lang='lat' dir='ltr'><strong>edepol</strong></span> 
     </span>
     <span class='ocr_line' id='line_1_19' title="bbox 1268 1428 1494 1479; baseline 0 -12"><span class='ocrx_word' id='word_1_119' title='bbox 1268 1437 1310 1467; x_wconf 92' lang='lat' dir='ltr'><strong>tu</strong></span> <span class='ocrx_word' id='word_1_120' title='bbox 1331 1428 1494 1479; x_wconf 84' lang='lat' dir='ltr'><strong>quidem</strong></span> 
     </span>
    </p>

    <p class='ocr_par' dir='ltr' id='par_1_9' title="bbox 71 1494 1495 1807">
     <span class='ocr_line' id='line_1_20' title="bbox 158 1494 1387 1545; baseline -0.002 -10"><span class='ocrx_word' id='word_1_121' title='bbox 158 1510 310 1543; x_wconf 90' lang='lat' dir='ltr'><strong>caecus,</strong></span> <span class='ocrx_word' id='word_1_122' title='bbox 332 1509 414 1535; x_wconf 89' lang='lat' dir='ltr'><strong>non</strong></span> <span class='ocrx_word' id='word_1_123' title='bbox 434 1494 680 1534; x_wconf 87' lang='lat' dir='ltr'><strong>luscitiosu&#39;s.</strong></span> <span class='ocrx_word' id='word_1_124' title='bbox 740 1508 832 1533; x_wconf 89' lang='lat' dir='ltr'><strong>nam</strong></span> <span class='ocrx_word' id='word_1_125' title='bbox 854 1494 919 1533; x_wconf 87' lang='lat' dir='ltr'><strong>illa</strong></span> <span class='ocrx_word' id='word_1_126' title='bbox 939 1494 1102 1545; x_wconf 92' lang='lat' dir='ltr'><strong>quidem</strong></span> <span class='ocrx_word' id='word_1_127' title='bbox 1130 1495 1133 1536; x_wconf 68' lang='grc' dir='ltr'><strong><em>ἱ</em></strong></span> <span class='ocrx_word' id='word_1_128' title='bbox 1161 1494 1249 1534; x_wconf 87' lang='lat' dir='ltr'><strong>illae</strong></span> <span class='ocrx_word' id='word_1_129' title='bbox 1266 1495 1387 1534; x_wconf 91' lang='lat' dir='ltr'><strong>domi.</strong></span> 
     </span>
     <span class='ocr_line' id='line_1_21' title="bbox 157 1559 1495 1611; baseline -0.001 -11"><span class='ocrx_word' id='word_1_130' title='bbox 157 1563 220 1600; x_wconf 89' lang='lat' dir='ltr'><strong>Sc.</strong></span> <span class='ocrx_word' id='word_1_131' title='bbox 251 1561 360 1611; x_wconf 86' lang='lat' dir='ltr'><strong>quid,</strong></span> <span class='ocrx_word' id='word_1_132' title='bbox 391 1559 531 1600; x_wconf 87' lang='lat' dir='ltr'><strong>domi?</strong></span> <span class='ocrx_word' id='word_1_133' title='bbox 599 1562 669 1598; x_wconf 82' lang='grc' dir='ltr'><strong>ΡΑ.</strong></span> <span class='ocrx_word' id='word_1_134' title='bbox 701 1559 811 1598; x_wconf 92' lang='lat' dir='ltr'><strong>domi</strong></span> <span class='ocrx_word' id='word_1_135' title='bbox 841 1561 973 1598; x_wconf 88' lang='lat' dir='ltr'><strong>hercle</strong></span> <span class='ocrx_word' id='word_1_136' title='bbox 1007 1573 1112 1598; x_wconf 91' lang='lat' dir='ltr'><strong>uero.</strong></span> <span class='ocrx_word' id='word_1_137' title='bbox 1185 1562 1247 1599; x_wconf 82' lang='lat' dir='ltr'><strong>Sc.</strong></span> <span class='ocrx_word' id='word_1_138' title='bbox 1279 1560 1356 1607; x_wconf 90' lang='lat' dir='ltr'><strong>abi,</strong></span> <span class='ocrx_word' id='word_1_139' title='bbox 1392 1560 1495 1599; x_wconf 91' lang='lat' dir='ltr'><strong>ludis</strong></span> 
     </span>
     <span class='ocr_line' id='line_1_22' title="bbox 1168 1626 1491 1673; baseline 0.003 -10"><span class='ocrx_word' id='word_1_140' title='bbox 1168 1640 1245 1673; x_wconf 73' lang='lat' dir='ltr'><strong>me,</strong></span> <span class='ocrx_word' id='word_1_141' title='bbox 1267 1626 1491 1664; x_wconf 81' lang='lat' dir='ltr'><strong>Palaestrio.</strong></span> 
     </span>
     <span class='ocr_line' id='line_1_23' title="bbox 71 1690 1491 1741; baseline 0 -11"><span class='ocrx_word' id='word_1_142' title='bbox 71 1703 135 1740; x_wconf 83' lang='lat'><strong>325</strong></span> <span class='ocrx_word' id='word_1_143' title='bbox 159 1694 228 1730; x_wconf 78' lang='grc' dir='ltr'><strong>ΡΑ.</strong></span> <span class='ocrx_word' id='word_1_144' title='bbox 261 1700 344 1730; x_wconf 90' lang='lat' dir='ltr'><strong>tum</strong></span> <span class='ocrx_word' id='word_1_145' title='bbox 375 1690 471 1729; x_wconf 84' lang='lat' dir='ltr'><strong>mihi</strong></span> <span class='ocrx_word' id='word_1_146' title='bbox 499 1698 590 1730; x_wconf 85' lang='lat' dir='ltr'><strong>sunt</strong></span> <span class='ocrx_word' id='word_1_147' title='bbox 611 1704 751 1730; x_wconf 85' lang='lat' dir='ltr'><strong>manus</strong></span> <span class='ocrx_word' id='word_1_148' title='bbox 772 1690 1011 1741; x_wconf 79' lang='lat' dir='ltr'><strong>inquinatae.</strong></span> <span class='ocrx_word' id='word_1_149' title='bbox 1072 1693 1134 1730; x_wconf 85' lang='lat' dir='ltr'><strong>Sc.</strong></span> <span class='ocrx_word' id='word_1_150' title='bbox 1168 1691 1365 1741; x_wconf 88' lang='lat' dir='ltr'><strong>quidum?</strong></span> <span class='ocrx_word' id='word_1_151' title='bbox 1422 1694 1491 1730; x_wconf 75' lang='grc' dir='ltr'><strong>ΡΑ.</strong></span> 
     </span>
     <span class='ocr_line' id='line_1_24' title="bbox 1169 1757 1492 1807; baseline 0.003 -12"><span class='ocrx_word' id='word_1_152' title='bbox 1169 1757 1261 1807; x_wconf 84' lang='lat' dir='ltr'><strong>quia</strong></span> <span class='ocrx_word' id='word_1_153' title='bbox 1282 1758 1377 1796; x_wconf 92' lang='lat' dir='ltr'><strong>ludo</strong></span> <span class='ocrx_word' id='word_1_154' title='bbox 1398 1758 1492 1796; x_wconf 89' lang='lat' dir='ltr'><strong>luto.</strong></span> 
     </span>
    </p>
   </div>
   <div class='ocr_carea' id='block_1_6' title="bbox 157 1860 1497 2554">
    <p class='ocr_par' dir='ltr' id='par_1_10' title="bbox 157 1860 1497 2554">
     <span class='ocr_line' id='line_1_25' title="bbox 199 1860 1495 1902; baseline -0.001 -9"><span class='ocrx_word' id='word_1_155' title='bbox 199 1873 263 1902; x_wconf 84' lang='lat'><strong>312</strong></span> <span class='ocrx_word' id='word_1_156' title='bbox 289 1862 356 1893; x_wconf 86' lang='lat' dir='ltr'><strong>issa</strong></span> <span class='ocrx_word' id='word_1_157' title='bbox 372 1860 535 1901; x_wconf 78' lang='lat' dir='ltr'><strong>cod.‚sorl.</strong></span> <span class='ocrx_word' id='word_1_158' title='bbox 555 1864 631 1892; x_wconf 80' lang='lat' dir='ltr'><strong>recle</strong></span> <span class='ocrx_word' id='word_1_159' title='bbox 762 1870 825 1900; x_wconf 84' lang='lat'><strong>313</strong></span> <span class='ocrx_word' id='word_1_160' title='bbox 850 1861 1030 1892; x_wconf 84' lang='lat' dir='ltr'><strong>interemat</strong></span> <span class='ocrx_word' id='word_1_161' title='bbox 1057 1867 1110 1892; x_wconf 87' lang='lat' dir='ltr'><strong>est</strong></span> <span class='ocrx_word' id='word_1_162' title='bbox 1135 1861 1221 1892; x_wconf 84' lang='lat' dir='ltr'><strong>alter</strong></span> <span class='ocrx_word' id='word_1_163' title='bbox 1235 1862 1389 1892; x_wconf 83' lang='lat' dir='ltr'><strong>audatior</strong></span> <span class='ocrx_word' id='word_1_164' title='bbox 1405 1861 1473 1893; x_wconf 86' lang='lat' dir='ltr'><strong>cod.</strong></span> <span class='ocrx_word' id='word_1_165' title='bbox 1488 1873 1495 1892; x_wconf 91' lang='lat'><strong>:</strong></span> 
     </span>
     <span class='ocr_line' id='line_1_26' title="bbox 157 1904 1497 1946; baseline -0.001 -8"><span class='ocrx_word' id='word_1_166' title='bbox 157 1917 236 1938; x_wconf 77' lang='lat' dir='ltr'><strong>corr.</strong></span> <span class='ocrx_word' id='word_1_167' title='bbox 260 1906 395 1945; x_wconf 67' lang='lat' dir='ltr'><strong>ffitschl,</strong></span> <span class='ocrx_word' id='word_1_168' title='bbox 421 1916 503 1937; x_wconf 87' lang='lat' dir='ltr'><strong>nam</strong></span> <span class='ocrx_word' id='word_1_169' title='bbox 525 1910 592 1936; x_wconf 86' lang='lat' dir='ltr'><strong>test</strong></span> <span class='ocrx_word' id='word_1_170' title='bbox 615 1905 702 1936; x_wconf 79' lang='lat' dir='ltr'><strong>alter</strong></span> <span class='ocrx_word' id='word_1_171' title='bbox 725 1904 778 1946; x_wconf 90' lang='lat' dir='ltr'><strong>(cf.</strong></span> <span class='ocrx_word' id='word_1_172' title='bbox 807 1904 853 1935; x_wconf 84' lang='lat' dir='ltr'><strong>ad</strong></span> <span class='ocrx_word' id='word_1_173' title='bbox 867 1905 966 1936; x_wconf 82' lang='lat' dir='ltr'><strong>Asin.</strong></span> <span class='ocrx_word' id='word_1_174' title='bbox 989 1915 1062 1945; x_wconf 83' lang='lat'><strong>250,</strong></span> <span class='ocrx_word' id='word_1_175' title='bbox 1091 1905 1182 1938; x_wconf 77' lang='lat' dir='ltr'><strong>Cure.</strong></span> <span class='ocrx_word' id='word_1_176' title='bbox 1208 1906 1288 1945; x_wconf 82' lang='lat'>438)</span> <span class='ocrx_word' id='word_1_177' title='bbox 1311 1910 1497 1946; x_wconf 79' lang='lat' dir='ltr'><strong>suspectum</strong></span> 
     </span>
     <span class='ocr_line' id='line_1_27' title="bbox 158 1948 1495 1990; baseline 0 -10"><span class='ocrx_word' id='word_1_178' title='bbox 158 1961 221 1990; x_wconf 84' lang='lat'><strong>314</strong></span> <span class='ocrx_word' id='word_1_179' title='bbox 245 1950 294 1980; x_wconf 85' lang='lat' dir='ltr'><strong>vel</strong></span> <span class='ocrx_word' id='word_1_180' title='bbox 308 1960 406 1989; x_wconf 85' lang='lat' dir='ltr'><strong>mage</strong></span> <span class='ocrx_word' id='word_1_181' title='bbox 491 1949 588 1980; x_wconf 89' lang='lat' dir='ltr'><strong>dehis</strong></span> <span class='ocrx_word' id='word_1_182' title='bbox 601 1948 666 1980; x_wconf 88' lang='lat' dir='ltr'><strong>cod.</strong></span> <span class='ocrx_word' id='word_1_183' title='bbox 751 1954 914 1988; x_wconf 88' lang='lat' dir='ltr'><strong>quantum</strong></span> <span class='ocrx_word' id='word_1_184' title='bbox 925 1949 991 1980; x_wconf 82' lang='lat' dir='ltr'><em>cod.</em></span> <span class='ocrx_word' id='word_1_185' title='bbox 1010 1949 1081 1987; x_wconf 86' lang='lat' dir='ltr'><strong>(vii.</strong></span> <span class='ocrx_word' id='word_1_186' title='bbox 1101 1951 1136 1988; x_wconf 87' lang='lat'><strong>4)</strong></span> <span class='ocrx_word' id='word_1_187' title='bbox 1227 1950 1322 1981; x_wconf 83' lang='lat' dir='ltr'><strong>iratis</strong></span> <span class='ocrx_word' id='word_1_188' title='bbox 1340 1949 1495 1981; x_wconf 80' lang='lat' dir='ltr'><strong>Camera-</strong></span> 
     </span>
     <span class='ocr_line' id='line_1_28' title="bbox 160 1992 1494 2034; baseline -0.001 -9"><span class='ocrx_word' id='word_1_189' title='bbox 160 1995 251 2025; x_wconf 81' lang='lat' dir='ltr'><strong>rius:</strong></span> <span class='ocrx_word' id='word_1_190' title='bbox 276 1994 339 2024; x_wconf 88' lang='lat' dir='ltr'><strong>irat</strong></span> <span class='ocrx_word' id='word_1_191' title='bbox 363 1992 428 2024; x_wconf 88' lang='lat' dir='ltr'><strong>cod.</strong></span> <span class='ocrx_word' id='word_1_192' title='bbox 542 2002 605 2032; x_wconf 84' lang='lat'><strong>315</strong></span> <span class='ocrx_word' id='word_1_193' title='bbox 630 1993 746 2023; x_wconf 90' lang='lat' dir='ltr'><strong>iubent</strong></span> <span class='ocrx_word' id='word_1_194' title='bbox 770 1993 837 2024; x_wconf 79' lang='lat' dir='ltr'><em>cod.</em></span> <span class='ocrx_word' id='word_1_195' title='bbox 862 1992 959 2033; x_wconf 77' lang='lat' dir='ltr'><strong>(corr.</strong></span> <span class='ocrx_word' id='word_1_196' title='bbox 984 1993 1046 2031; x_wconf 73' lang='lat' dir='ltr'><strong>B2)</strong></span> <span class='ocrx_word' id='word_1_197' title='bbox 1138 1993 1208 2033; x_wconf 68' lang='lat' dir='ltr'><strong>hic]</strong></span> <span class='ocrx_word' id='word_1_198' title='bbox 1229 1998 1281 2024; x_wconf 89' lang='lat' dir='ltr'><strong>est</strong></span> <span class='ocrx_word' id='word_1_199' title='bbox 1308 1994 1428 2033; x_wconf 75' lang='lat' dir='ltr'><strong>(immo</strong></span> <span class='ocrx_word' id='word_1_200' title='bbox 1448 1994 1494 2034; x_wconf 89' lang='lat' dir='ltr'><strong>st)</strong></span> 
     </span>
     <span class='ocr_line' id='line_1_29' title="bbox 159 2036 1495 2076; baseline 0.001 -8"><span class='ocrx_word' id='word_1_201' title='bbox 159 2038 233 2069; x_wconf 83' lang='lat' dir='ltr'><strong>Ital.</strong></span> <span class='ocrx_word' id='word_1_202' title='bbox 325 2037 412 2067; x_wconf 89' lang='lat' dir='ltr'><strong>uidis</strong></span> <span class='ocrx_word' id='word_1_203' title='bbox 430 2036 494 2068; x_wconf 86' lang='lat' dir='ltr'><strong>cod.</strong></span> <span class='ocrx_word' id='word_1_204' title='bbox 605 2038 672 2075; x_wconf 83' lang='lat'><strong>316</strong></span> <span class='ocrx_word' id='word_1_205' title='bbox 695 2042 785 2068; x_wconf 78' lang='lat' dir='ltr'><strong>tuam</strong></span> <span class='ocrx_word' id='word_1_206' title='bbox 804 2037 946 2076; x_wconf 87' lang='lat' dir='ltr'><strong>empsim</strong></span> <span class='ocrx_word' id='word_1_207' title='bbox 966 2037 1068 2067; x_wconf 88' lang='lat' dir='ltr'><strong>uitam</strong></span> <span class='ocrx_word' id='word_1_208' title='bbox 1088 2036 1301 2068; x_wconf 81' lang='lat' dir='ltr'><strong>Lindemann</strong></span> <span class='ocrx_word' id='word_1_209' title='bbox 1318 2049 1324 2067; x_wconf 92' lang='lat'>:</span> <span class='ocrx_word' id='word_1_210' title='bbox 1349 2044 1495 2069; x_wconf 85' lang='lat' dir='ltr'><strong>mutuam</strong></span> 
     </span>
     <span class='ocr_line' id='line_1_30' title="bbox 159 2080 1497 2121; baseline -0.001 -8"><span class='ocrx_word' id='word_1_211' title='bbox 159 2093 199 2113; x_wconf 85' lang='lat' dir='ltr'><strong>ea</strong></span> <span class='ocrx_word' id='word_1_212' title='bbox 216 2081 279 2121; x_wconf 86' lang='lat' dir='ltr'><strong>ipsi</strong></span> <span class='ocrx_word' id='word_1_213' title='bbox 296 2082 343 2112; x_wconf 86' lang='lat' dir='ltr'><strong>tui</strong></span> <span class='ocrx_word' id='word_1_214' title='bbox 362 2086 429 2111; x_wconf 84' lang='lat' dir='ltr'><strong>tam</strong></span> <span class='ocrx_word' id='word_1_215' title='bbox 446 2080 511 2112; x_wconf 84' lang='lat' dir='ltr'><strong>cod.</strong></span> <span class='ocrx_word' id='word_1_216' title='bbox 637 2081 700 2120; x_wconf 85' lang='lat'><strong>318</strong></span> <span class='ocrx_word' id='word_1_217' title='bbox 726 2091 792 2111; x_wconf 86' lang='lat' dir='ltr'><strong>non</strong></span> <span class='ocrx_word' id='word_1_218' title='bbox 810 2086 843 2111; x_wconf 81' lang='lat' dir='ltr'><strong>tu</strong></span> <span class='ocrx_word' id='word_1_219' title='bbox 863 2081 921 2112; x_wconf 84' lang='lat' dir='ltr'><strong>tibi</strong></span> <span class='ocrx_word' id='word_1_220' title='bbox 940 2081 1094 2121; x_wconf 76' lang='lat' dir='ltr'><strong>Bentley:</strong></span> <span class='ocrx_word' id='word_1_221' title='bbox 1121 2092 1187 2111; x_wconf 89' lang='lat' dir='ltr'><strong>non</strong></span> <span class='ocrx_word' id='word_1_222' title='bbox 1208 2082 1239 2111; x_wconf 88' lang='lat' dir='ltr'><strong>iu</strong></span> <span class='ocrx_word' id='word_1_223' title='bbox 1258 2087 1291 2111; x_wconf 88' lang='lat' dir='ltr'><strong>et</strong></span> <span class='ocrx_word' id='word_1_224' title='bbox 1312 2082 1354 2111; x_wconf 89' lang='lat' dir='ltr'><strong>ibi</strong></span> <span class='ocrx_word' id='word_1_225' title='bbox 1372 2081 1438 2112; x_wconf 86' lang='lat' dir='ltr'><strong>cod.</strong></span> <span class='ocrx_word' id='word_1_226' title='bbox 1460 2086 1497 2112; x_wconf 81' lang='lat' dir='ltr'><strong>ut</strong></span> 
     </span>
     <span class='ocr_line' id='line_1_31' title="bbox 157 2124 1493 2166; baseline -0.001 -9"><span class='ocrx_word' id='word_1_227' title='bbox 157 2125 221 2157; x_wconf 80' lang='lat' dir='ltr'><strong>vid.</strong></span> <span class='ocrx_word' id='word_1_228' title='bbox 243 2127 339 2166; x_wconf 90' lang='lat' dir='ltr'><strong>(num</strong></span> <span class='ocrx_word' id='word_1_229' title='bbox 363 2130 435 2155; x_wconf 89' lang='lat' dir='ltr'><strong>tute</strong></span> <span class='ocrx_word' id='word_1_230' title='bbox 457 2125 516 2155; x_wconf 90' lang='lat' dir='ltr'><strong>tibi</strong></span> <span class='ocrx_word' id='word_1_231' title='bbox 534 2124 596 2165; x_wconf 54' lang='grc' dir='ltr'><strong>ΒΞ)</strong></span> <span class='ocrx_word' id='word_1_232' title='bbox 699 2130 863 2164; x_wconf 84' lang='lat' dir='ltr'><strong>praetunc</strong></span> <span class='ocrx_word' id='word_1_233' title='bbox 885 2126 933 2156; x_wconf 85' lang='lat' dir='ltr'><strong>ari</strong></span> <span class='ocrx_word' id='word_1_234' title='bbox 959 2125 1022 2156; x_wconf 85' lang='lat' dir='ltr'><strong>cod.</strong></span> <span class='ocrx_word' id='word_1_235' title='bbox 1054 2136 1145 2157; x_wconf 67' lang='lat' dir='ltr'><strong>«corr.</strong></span> <span class='ocrx_word' id='word_1_236' title='bbox 1167 2125 1250 2166; x_wconf 80' lang='lat' dir='ltr'><strong>B²):</strong></span> <span class='ocrx_word' id='word_1_237' title='bbox 1276 2126 1493 2164; x_wconf 77' lang='lat' dir='ltr'><strong>praernncari</strong></span> 
     </span>
     <span class='ocr_line' id='line_1_32' title="bbox 160 2168 1494 2209; baseline 0 -10"><span class='ocrx_word' id='word_1_238' title='bbox 160 2169 267 2207; x_wconf 78' lang='lat' dir='ltr'><strong>Goetz,</strong></span> <span class='ocrx_word' id='word_1_239' title='bbox 293 2168 419 2199; x_wconf 78' lang='lat' dir='ltr'><strong>Sclzoell</strong></span> <span class='ocrx_word' id='word_1_240' title='bbox 549 2179 613 2209; x_wconf 86' lang='lat'><strong>319</strong></span> <span class='ocrx_word' id='word_1_241' title='bbox 639 2169 747 2200; x_wconf 85' lang='lat' dir='ltr'><strong>iubeat</strong></span> <span class='ocrx_word' id='word_1_242' title='bbox 771 2169 837 2200; x_wconf 78' lang='lat' dir='ltr'><strong>sod.</strong></span> <span class='ocrx_word' id='word_1_243' title='bbox 864 2172 957 2200; x_wconf 77' lang='lat' dir='ltr'><strong>(corr.</strong></span> <span class='ocrx_word' id='word_1_244' title='bbox 984 2169 1037 2199; x_wconf 50' lang='grc' dir='ltr'><strong>ΕΤ</strong></span> <span class='ocrx_word' id='word_1_245' title='bbox 1138 2181 1202 2209; x_wconf 85' lang='lat' dir='ltr'><strong>qua</strong></span> <span class='ocrx_word' id='word_1_246' title='bbox 1225 2169 1291 2200; x_wconf 85' lang='lat' dir='ltr'><strong>cod.</strong></span> <span class='ocrx_word' id='word_1_247' title='bbox 1318 2178 1410 2201; x_wconf 75' lang='lat' dir='ltr'><strong>(corr.</strong></span> <span class='ocrx_word' id='word_1_248' title='bbox 1433 2169 1494 2209; x_wconf 50' lang='grc' dir='ltr'><strong>ΒΖ)</strong></span> 
     </span>
     <span class='ocr_line' id='line_1_33' title="bbox 158 2212 1493 2255; baseline -0.001 -11"><span class='ocrx_word' id='word_1_249' title='bbox 158 2224 223 2253; x_wconf 84' lang='grc'><strong>320</strong></span> <span class='ocrx_word' id='word_1_250' title='bbox 245 2213 362 2244; x_wconf 88' lang='lat' dir='ltr'><strong>aleuas</strong></span> <span class='ocrx_word' id='word_1_251' title='bbox 393 2212 458 2244; x_wconf 85' lang='lat' dir='ltr'><strong>cod.</strong></span> <span class='ocrx_word' id='word_1_252' title='bbox 492 2213 623 2253; x_wconf 83' lang='lat' dir='ltr'><strong>(aiebas</strong></span> <span class='ocrx_word' id='word_1_253' title='bbox 652 2213 716 2255; x_wconf 50' lang='grc' dir='ltr'><strong>ΒΞ)</strong></span> <span class='ocrx_word' id='word_1_254' title='bbox 819 2215 1036 2254; x_wconf 82' lang='lat' dir='ltr'><strong>amplexante</strong></span> <span class='ocrx_word' id='word_1_255' title='bbox 1072 2214 1151 2244; x_wconf 51' lang='lat' dir='ltr'><strong>&#39;Bu</strong></span> <span class='ocrx_word' id='word_1_256' title='bbox 1183 2215 1233 2244; x_wconf 75' lang='lat' dir='ltr'><strong>vel</strong></span> <span class='ocrx_word' id='word_1_257' title='bbox 1258 2213 1493 2252; x_wconf 84' lang='lat' dir='ltr'><strong>ampleocante</strong></span> 
     </span>
     <span class='ocr_line' id='line_1_34' title="bbox 158 2258 1490 2298; baseline -0.002 -10"><span class='ocrx_word' id='word_1_258' title='bbox 158 2258 244 2298; x_wconf 75' lang='lat' dir='ltr'>PCD)</span> <span class='ocrx_word' id='word_1_259' title='bbox 264 2259 395 2296; x_wconf 75' lang='lat' dir='ltr'><strong>(utrum</strong></span> <span class='ocrx_word' id='word_1_260' title='bbox 416 2263 476 2296; x_wconf 73' lang='lat' dir='ltr'><strong>pro</strong></span> <span class='ocrx_word' id='word_1_261' title='bbox 494 2268 567 2287; x_wconf 87' lang='lat' dir='ltr'><strong>-ox-</strong></span> <span class='ocrx_word' id='word_1_262' title='bbox 585 2268 629 2288; x_wconf 81' lang='lat' dir='ltr'><strong>an</strong></span> <span class='ocrx_word' id='word_1_263' title='bbox 647 2269 731 2289; x_wconf 89' lang='lat' dir='ltr'><strong>-ecs-</strong></span> <span class='ocrx_word' id='word_1_264' title='bbox 750 2260 874 2290; x_wconf 45' lang='lat' dir='ltr'><strong>incertst</strong></span> <span class='ocrx_word' id='word_1_265' title='bbox 900 2259 963 2290; x_wconf 76' lang='lat' dir='ltr'><strong>(od.</strong></span> <span class='ocrx_word' id='word_1_266' title='bbox 987 2261 1080 2294; x_wconf 79' lang='lat' dir='ltr'><strong>(corr.</strong></span> <span class='ocrx_word' id='word_1_267' title='bbox 1102 2258 1164 2295; x_wconf 71' lang='lat'><strong>8²¹)</strong></span> <span class='ocrx_word' id='word_1_268' title='bbox 1283 2267 1342 2296; x_wconf 81' lang='lat'><strong>321</strong></span> <span class='ocrx_word' id='word_1_269' title='bbox 1372 2258 1490 2287; x_wconf 82' lang='lat' dir='ltr'><strong>mirum</strong></span> 
     </span>
     <span class='ocr_line' id='line_1_35' title="bbox 159 2301 1489 2341; baseline -0.001 -10"><span class='ocrx_word' id='word_1_270' title='bbox 159 2301 239 2332; x_wconf 82' lang='lat' dir='ltr'><strong>lolio</strong></span> <span class='ocrx_word' id='word_1_271' title='bbox 265 2301 355 2333; x_wconf 86' lang='lat' dir='ltr'><strong>codd.</strong></span> <span class='ocrx_word' id='word_1_272' title='bbox 384 2301 668 2341; x_wconf 53' lang='lat' dir='ltr'><strong>F11(4e11!1&#39;1&#39;sr¹7·111.</strong></span> <span class='ocrx_word' id='word_1_273' title='bbox 697 2307 763 2333; x_wconf 79' lang='lat' dir='ltr'><strong>ant.</strong></span> <span class='ocrx_word' id='word_1_274' title='bbox 792 2313 829 2341; x_wconf 86' lang='lat'><strong>13</strong></span> <span class='ocrx_word' id='word_1_275' title='bbox 856 2302 1004 2333; x_wconf 53' lang='grc' dir='ltr'><strong>1·ῬΙαιιΙ.</strong></span> <span class='ocrx_word' id='word_1_276' title='bbox 1031 2302 1153 2333; x_wconf 62' lang='lat' dir='ltr'><strong>„Uera”</strong></span> <span class='ocrx_word' id='word_1_277' title='bbox 1176 2315 1181 2333; x_wconf 89' lang='lat'>:</span> <span class='ocrx_word' id='word_1_278' title='bbox 1207 2303 1310 2332; x_wconf 86' lang='lat' dir='ltr'><strong>mirus</strong></span> <span class='ocrx_word' id='word_1_279' title='bbox 1337 2301 1403 2331; x_wconf 84' lang='lat' dir='ltr'><strong>olio</strong></span> <span class='ocrx_word' id='word_1_280' title='bbox 1425 2301 1489 2331; x_wconf 80' lang='lat' dir='ltr'><strong>cod.</strong></span> 
     </span>
     <span class='ocr_line' id='line_1_36' title="bbox 158 2345 1490 2385; baseline 0 -9"><span class='ocrx_word' id='word_1_281' title='bbox 158 2355 222 2384; x_wconf 85' lang='lat'><strong>322</strong></span> <span class='ocrx_word' id='word_1_282' title='bbox 245 2346 436 2376; x_wconf 80' lang='lat' dir='ltr'><strong>ueherbero</strong></span> <span class='ocrx_word' id='word_1_283' title='bbox 460 2346 526 2378; x_wconf 75' lang='lat' dir='ltr'><strong>md.</strong></span> <span class='ocrx_word' id='word_1_284' title='bbox 555 2346 650 2384; x_wconf 72' lang='lat' dir='ltr'><strong>(corr.</strong></span> <span class='ocrx_word' id='word_1_285' title='bbox 677 2346 738 2383; x_wconf 66' lang='lat' dir='ltr'><strong>B&#39;2)</strong></span> <span class='ocrx_word' id='word_1_286' title='bbox 875 2357 938 2385; x_wconf 83' lang='grc'><strong>323</strong></span> <span class='ocrx_word' id='word_1_287' title='bbox 963 2347 1014 2376; x_wconf 68' lang='lat' dir='ltr'><strong>w!</strong></span> <span class='ocrx_word' id='word_1_288' title='bbox 1035 2347 1166 2377; x_wconf 67' lang='lat' dir='ltr'><strong>caccu&#39;s</strong></span> <span class='ocrx_word' id='word_1_289' title='bbox 1255 2346 1342 2376; x_wconf 80' lang='lat' dir='ltr'><strong>illam</strong></span> <span class='ocrx_word' id='word_1_290' title='bbox 1367 2357 1397 2385; x_wconf 87' lang='lat' dir='ltr'><strong>q.</strong></span> <span class='ocrx_word' id='word_1_291' title='bbox 1426 2345 1490 2376; x_wconf 80' lang='lat' dir='ltr'><strong>cod.</strong></span> 
     </span>
     <span class='ocr_line' id='line_1_37' title="bbox 160 2389 1488 2431; baseline -0.002 -11"><span class='ocrx_word' id='word_1_292' title='bbox 160 2390 324 2431; x_wconf 61' lang='lat' dir='ltr'><strong>(cosz&#39;2)</strong></span> <span class='ocrx_word' id='word_1_293' title='bbox 345 2391 392 2430; x_wconf 83' lang='lat' dir='ltr'><strong>(m</strong></span> <span class='ocrx_word' id='word_1_294' title='bbox 410 2391 513 2420; x_wconf 73' lang='lat' dir='ltr'><strong>littera</strong></span> <span class='ocrx_word' id='word_1_295' title='bbox 526 2395 698 2430; x_wconf 67' lang='lat' dir='ltr'><strong>pm&#39;peram</strong></span> <span class='ocrx_word' id='word_1_296' title='bbox 716 2389 879 2430; x_wconf 56' lang='lat' dir='ltr'><strong>adscmfim</strong></span> <span class='ocrx_word' id='word_1_297' title='bbox 896 2394 941 2420; x_wconf 72' lang='lat' dir='ltr'><strong>cs!</strong></span> <span class='ocrx_word' id='word_1_298' title='bbox 957 2391 1144 2429; x_wconf 64' lang='lat' dir='ltr'><strong>smpt&#39;sst&#39;mc</strong></span> <span class='ocrx_word' id='word_1_299' title='bbox 1154 2395 1214 2430; x_wconf 64' lang='lat' dir='ltr'><strong>per</strong></span> <span class='ocrx_word' id='word_1_300' title='bbox 1227 2390 1488 2430; x_wconf 72' lang='lat' dir='ltr'><strong>lmncsalmlam,</strong></span> 
     </span>
     <span class='ocr_line' id='line_1_38' title="bbox 159 2433 1489 2474; baseline -0.002 -10"><span class='ocrx_word' id='word_1_301' title='bbox 159 2438 198 2464; x_wconf 85' lang='lat' dir='ltr'><strong>ut</strong></span> <span class='ocrx_word' id='word_1_302' title='bbox 211 2435 244 2465; x_wconf 83' lang='lat' dir='ltr'><strong>r&#39;n</strong></span> <span class='ocrx_word' id='word_1_303' title='bbox 261 2445 309 2466; x_wconf 83' lang='lat' dir='ltr'><strong>vv.</strong></span> <span class='ocrx_word' id='word_1_304' title='bbox 331 2444 404 2473; x_wconf 86' lang='lat'><strong>231,</strong></span> <span class='ocrx_word' id='word_1_305' title='bbox 421 2444 494 2474; x_wconf 82' lang='lat'>297,</span> <span class='ocrx_word' id='word_1_306' title='bbox 516 2434 592 2471; x_wconf 83' lang='lat'><strong>262,</strong></span> <span class='ocrx_word' id='word_1_307' title='bbox 609 2435 677 2471; x_wconf 77' lang='lat' dir='ltr'><strong>etc.)</strong></span> <span class='ocrx_word' id='word_1_308' title='bbox 760 2435 840 2473; x_wconf 63' lang='lat' dir='ltr'><strong>soff.</strong></span> <span class='ocrx_word' id='word_1_309' title='bbox 861 2435 1029 2473; x_wconf 82' lang='lat' dir='ltr'><strong>quidemst</strong></span> <span class='ocrx_word' id='word_1_310' title='bbox 1048 2435 1099 2474; x_wconf 64' lang='lat' dir='ltr'><strong>sss,</strong></span> <span class='ocrx_word' id='word_1_311' title='bbox 1119 2438 1173 2473; x_wconf 75' lang='lat'><strong>19)</strong></span> <span class='ocrx_word' id='word_1_312' title='bbox 1264 2433 1341 2464; x_wconf 85' lang='lat' dir='ltr'><strong>illae</strong></span> <span class='ocrx_word' id='word_1_313' title='bbox 1358 2433 1489 2474; x_wconf 70' lang='lat' dir='ltr'><strong>scripsi:</strong></span> 
     </span>
     <span class='ocr_line' id='line_1_39' title="bbox 160 2477 1489 2518; baseline 0 -11"><span class='ocrx_word' id='word_1_314' title='bbox 160 2477 213 2508; x_wconf 81' lang='lat' dir='ltr'><strong>ma</strong></span> <span class='ocrx_word' id='word_1_315' title='bbox 224 2478 290 2509; x_wconf 85' lang='lat' dir='ltr'><strong>cod.</strong></span> <span class='ocrx_word' id='word_1_316' title='bbox 303 2478 354 2518; x_wconf 78' lang='lat' dir='ltr'><em>(cf.</em></span> <span class='ocrx_word' id='word_1_317' title='bbox 367 2479 446 2517; x_wconf 85' lang='lat'>348)</span> <span class='ocrx_word' id='word_1_318' title='bbox 539 2487 615 2508; x_wconf 89' lang='lat' dir='ltr'><strong>nam</strong></span> <span class='ocrx_word' id='word_1_319' title='bbox 632 2477 721 2508; x_wconf 89' lang='lat' dir='ltr'><strong>illam</strong></span> <span class='ocrx_word' id='word_1_320' title='bbox 737 2478 871 2518; x_wconf 87' lang='lat' dir='ltr'><strong>quidem</strong></span> <span class='ocrx_word' id='word_1_321' title='bbox 890 2488 1004 2509; x_wconf 89' lang='lat' dir='ltr'><strong>eccam</strong></span> <span class='ocrx_word' id='word_1_322' title='bbox 1025 2478 1184 2509; x_wconf 78' lang='lat' dir='ltr'><strong>Gruterus</strong></span> <span class='ocrx_word' id='word_1_323' title='bbox 1315 2487 1379 2517; x_wconf 78' lang='lat'><strong>325</strong></span> <span class='ocrx_word' id='word_1_324' title='bbox 1404 2477 1489 2507; x_wconf 90' lang='lat' dir='ltr'><strong>Tum</strong></span> 
     </span>
     <span class='ocr_line' id='line_1_40' title="bbox 159 2521 1401 2554; baseline -0.002 0"><span class='ocrx_word' id='word_1_325' title='bbox 159 2521 206 2554; x_wconf 80' lang='lat' dir='ltr'><strong>B²</strong></span> <span class='ocrx_word' id='word_1_326' title='bbox 222 2533 230 2553; x_wconf 76' lang='lat' dir='ltr'><em>z</em></span> <span class='ocrx_word' id='word_1_327' title='bbox 252 2522 334 2553; x_wconf 86' lang='lat' dir='ltr'><strong>Tam</strong></span> <span class='ocrx_word' id='word_1_328' title='bbox 352 2521 416 2553; x_wconf 82' lang='lat' dir='ltr'><strong>cod.</strong></span> <span class='ocrx_word' id='word_1_329' title='bbox 1363 2521 1401 2552; x_wconf 74' lang='lat'><strong>2*</strong></span> 
     </span>
    </p>
   </div>
   <div class='ocr_carea' id='block_1_7' title="bbox 1517 786 1558 817">
    <p class='ocr_par' dir='ltr' id='par_1_11' title="bbox 1517 786 1558 817">
     <span class='ocr_line' id='line_1_41' title="bbox 1517 786 1558 817; baseline 0 0"><span class='ocrx_word' id='word_1_330' title='bbox 1517 786 1558 817; x_wconf 87' lang='lat'><strong>45</strong></span> 
     </span>
    </p>
   </div>
   <div class='ocr_carea' id='block_1_8' title="bbox 1515 1310 1557 1341">
    <p class='ocr_par' dir='ltr' id='par_1_12' title="bbox 1515 1310 1557 1341">
     <span class='ocr_line' id='line_1_42' title="bbox 1515 1310 1557 1341; baseline 0 -10"><span class='ocrx_word' id='word_1_331' title='bbox 1515 1310 1557 1341; x_wconf 75' lang='lat'><strong>50</strong></span> 
     </span>
    </p>
   </div>
  </div>
 </body>
</html>
