1747 2740
135 163 203 200 IV.

168 681 207 717 75

169 1267 211 1298 8ο

226 163 253 199 ii
643 164 689 200 T.
724 162 904 201 MACCI
937 162 1141 200 PLAVTI

228 275 301 311 M1.
338 273 495 312 dabitur
533 281 724 324 quantum
765 272 872 323 ipsus
911 272 1008 323 preti
1048 279 1196 322 poscet.
1257 273 1324 310 ΡΑ.
1366 273 1556 310 talentum

950 337 1118 387 Philippi
1142 337 1232 375 huic
1253 351 1353 388 opus
1373 336 1455 375 auri
1476 344 1560 384 est3

228 404 356 442 minus
391 405 442 442 ab
478 404 635 442 nemine
670 403 847 454 accipiet.
909 405 982 441 M1.
1019 416 1068 441 eu
1109 411 1260 441 ecastor
1298 401 1406 440 nimi'
1444 401 1559 440 uilest

1372 468 1533 506 tandem
1552 470 1558 505 !

227 537 296 573 ΡΥ.
329 548 408 572 non
437 534 532 572 mihi
562 533 725 572 auaritia
755 547 944 584 umquam
975 533 1169 571 innatast:
1200 532 1293 571 satis
1314 532 1443 571 habeo
1463 532 1561 571 diui-

1407 597 1562 646 tiarum,

227 667 314 716 plus
354 664 406 703 mi
445 664 527 703 auri
568 664 673 702 mille
708 672 766 703 est
801 664 1025 702 modiorum
1067 663 1250 714 Philippi.
1309 665 1378 701 PA.
1409 671 1561 714 praeter

1314 730 1557 767 thensauros,

228 804 311 834 tum
341 795 490 846 argenti
520 803 686 843 montes,
711 809 791 834 non
822 808 982 842 massas,
1005 795 1124 834 habet
1154 794 1299 833 Aetina
1325 808 1406 833 non
1433 807 1560 845 aeque

1446 862 1557 900 altos.

229 931 301 967 M1.
334 942 383 967 eu
404 935 556 966 ecastor

227 994 430 1033 hominem
470 993 688 1044 peiiurum!
748 995 815 1031 ΡΑ.
854 995 896 1031 iit
935 994 1060 1032 ludo?
1123 994 1197 1031 M1.
1233 992 1330 1043 quid
1369 994 1472 1043 ego?
1519 1000 1561 1031 ut

1083 1058 1294 1097 sublecto?
1352 1060 1420 1096 ΡΑ.
1453 1057 1560 1097 scite.

230 1128 303 1164 Mi.
337 1126 407 1164 sed
445 1125 599 1171 amabo,
642 1124 754 1163 mitte
793 1138 857 1163 me
896 1124 1087 1163 actutum.
1151 1125 1220 1162 PA.
1253 1123 1349 1174 quin
1390 1131 1431 1162 tu
1472 1123 1563 1162 huie

1164 1190 1380 1240 respondes
1400 1188 1560 1239 aliquid,

229 1264 296 1294 aut
324 1257 516 1294 facturum
541 1263 608 1293 aut
633 1268 714 1293 non
742 1256 964 1294 facturum?
1022 1256 1096 1292 M1.
1128 1254 1226 1304 quid
1253 1254 1358 1292 illam
1379 1254 1562 1294 miseram

1208 1319 1330 1357 animi
1351 1319 1561 1367 excrucias,

230 1400 332 1438 quae
366 1399 584 1436 numquam
620 1388 721 1424 male
756 1387 806 1425 de
841 1394 878 1424 te
913 1385 1116 1425 meritast?
1173 1386 1240 1423 ΡΥ.
1274 1385 1366 1424 iube
1404 1399 1564 1436 eampse

1185 1451 1287 1490 exire
1308 1452 1386 1490 huc
1405 1452 1457 1490 ad
1478 1465 1562 1490 nos.

230 1517 295 1557 die
326 1531 389 1556 me
418 1517 454 1556 ei
484 1516 618 1556 omnia
648 1530 750 1567 quae
780 1519 862 1555 uolt
892 1518 1097 1555 facturum.
1159 1517 1233 1554 M1.
1266 1515 1350 1554 faci'
1381 1530 1488 1555 nunc
1522 1525 1564 1556 ut

1234 1583 1360 1621 facere
1380 1596 1563 1634 aequom,

232 1662 365 1699 quom,
389 1662 490 1699 quae
507 1656 544 1687 te
561 1649 655 1696 uolt,
675 1649 843 1687 eandem
866 1655 907 1686 tu
929 1647 998 1686 uis.
1061 1649 1128 1686 ΡΥ.
1162 1660 1243 1686 non
1266 1646 1458 1686 insulsum
1475 1648 1567 1687 huic

1352 1713 1564 1764 ingenium.

279 1821 357 1850 1061
386 1819 547 1850 talentum
572 1822 757 1857 suspectum
857 1819 1055 1859 philippium
1081 1819 1147 1850 cod.
1303 1822 1386 1851 1062
1410 1820 1451 1851 ab
1477 1830 1565 1851 nem.

233 1864 310 1895 min.
334 1864 380 1903 (ἓ)
408 1862 484 1899 Leo,
513 1863 664 1902 rlzytlmzo
697 1863 868 1893 consulens
1006 1865 1086 1902 1064
1111 1864 1315 1895 thensaurus
1342 1863 1408 1896 cod.
1440 1868 1476 1894 ut
1501 1863 1564 1895 vid.

237 1909 317 1947 1065
343 1907 463 1937 aethna
489 1907 570 1947 (om.
595 1906 640 1937 ΒἺ
666 1917 764 1937 mons
791 1907 871 1946 (om.
896 1907 941 1937 Bi
969 1917 1036 1937 non
1061 1918 1168 1947 aeque
1193 1918 1222 1939 a.
1239 1907 1328 1939 cod:
1356 1908 1480 1939 Aetina
1501 1918 1568 1939 non

232 1962 340 1990 aeque
357 1950 456 1981 altast
474 1950 605 1980 Loewe:
630 1949 742 1981 Aetna
760 1954 858 1981 mons
875 1961 941 1981 non
960 1962 1068 1991 aeque
1086 1951 1188 1982 altust
1206 1950 1406 1982 Lachmann
1423 1964 1429 1982 :
1454 1951 1568 1983 Aetna

235 2005 329 2025 mons
346 2005 454 2034 aeque
471 1994 558 2024 altas
584 1993 696 2024 Tilllcr
838 1997 937 2026 1066a
961 1999 997 2025 ut
1013 1995 1225 2026 cmm-radus
1240 2007 1246 2025 :
1280 1996 1313 2026 ui
1333 1995 1400 2028 cod.
1489 1995 1566 2026 sub-

234 2039 338 2069 lectos
357 2038 422 2069 cod.
525 2038 584 2068 PA.
617 2038 702 2069 scite
722 2038 778 2069 dcl.
803 2038 984 2076 Aa'dalius,
1018 2039 1071 2069 cm‘
1094 2049 1136 2069 eu
1165 2043 1300 2070 ecastor
1322 2043 1412 2070 extra
1434 2049 1567 2070 versum

233 2083 442 2123 epiphonema
469 2081 630 2122 displicet:
666 2083 775 2113 versui
803 2083 948 2122 sequenti
977 2093 1067 2121 «sum
1096 2083 1280 2122 responde)
1306 2083 1418 2113 tn'bm't
1442 2081 1571 2114 Scltocll

239 2127 318 2164 1067
345 2126 392 2156 vel
404 2126 486 2168 mitss'
499 2127 578 2157 med
594 2137 601 2157 :
618 2126 741 2157 mittite
756 2137 807 2157 me
821 2126 855 2161 C,
869 2127 906 2165 cjf.
923 2126 1060 2158 Skutsch
1080 2126 1212 2164 (Plu'lol.
1236 2136 1287 2166 59.
1313 2127 1391 2166 483)
1485 2127 1569 2165 1069

235 2171 276 2200 de
301 2175 333 2200 te
359 2170 526 2211 mcritast]
555 2170 677 2201 dixerit
701 2176 734 2201 at
758 2170 790 2200 Β
815 2171 886 2210 (pro
911 2170 1051 2201 d&ecrit
1075 2172 1148 2201 ast?
1181 2170 1223 2202 vi.
1248 2180 1278 2209 p.
1301 2171 1358 2209 85‘)
1492 2170 1569 2200 iube

235 2224 372 2254 eampse
407 2213 662 2244 Ritterslmsius:
698 2215 826 2244 iubeam
862 2214 935 2252 ipse
971 2213 1035 2243 cod.
1196 2224 1278 2253 1070
1306 2224 1359 2244 me
1381 2213 1412 2244 ei
1436 2213 1570 2254 scripsi:

236 2258 316 2288 mihi
335 2257 399 2288 cod.
418 2270 424 2288 :
453 2268 505 2288 me
523 2257 596 2288 Ital.
621 2258 741 2298 (inuno
758 2258 850 2293 med)
956 2256 1034 2298 (te)
1063 2257 1174 2287 facere
1192 2256 1391 2287 Hermann:
1427 2257 1571 2288 facerest

240 2300 335 2332 Goelz
417 2302 466 2332 vrl
481 2306 657 2340 aequomst
774 2310 851 2340 1071
878 2311 979 2339 quom
998 2299 1185 2330 Lmnln'nns
1200 2313 1206 2331 ε
1230 2301 1319 2340 quod
1336 2299 1400 2332 cod.
1484 2310 1571 2340 quae

287 2354 342 2377 que

238 2379 288 2419 tc]
310 2384 342 2409 te
363 2378 425 2409 cod.
449 2382 484 2408 ut
507 2378 568 2408 vid.
599 2379 659 2414 (ita
685 2378 739 2408 D:
771 2378 841 2417 ipte
868 2377 915 2408 C:
947 2388 1013 2416 quc
1038 2377 1081 2411 B)
1189 2388 1256 2408 non
1283 2377 1378 2419 [hoc]
1406 2377 1570 2408 insulsum

239 2423 317 2453 hinc
342 2422 405 2453 cod.
428 2434 434 2452 :
472 2432 550 2452 corr.
582 2421 707 2452 Re'lschl
792 2432 859 2452 non
877 2445 884 2452 .
904 2445 910 2452 .
933 2444 940 2451 .
958 2422 1024 2460 ing.
1056 2419 1277 2453 Palaestn'om·
1298 2421 1356 2453 dat
1380 2421 1469 2460 Ital„
1487 2421 1570 2462 sort.

241 2472 314 2499 wcte

1585 798 1669 844 1065

1585 993 1696 1029 10662

1588 1530 1678 1565 1070
