1747 2740
201 171 232 208 Ι.
254 170 282 207 ii
665 175 710 211 T.
746 174 926 213 MACCI
959 175 1162 212 PLAVTI

255 285 329 322 M1.
361 284 465 322 enim
494 299 598 332 uero,
622 300 696 331 ere,
721 285 814 323 sacis
841 285 1013 325 delicias.
1073 289 1147 324 Aa.
1181 288 1231 325 de
1259 287 1459 337 tequidem
1487 287 1585 326 haec
1606 293 1674 328 280

1298 352 1418 391 didici
1439 352 1582 391 omnia.

255 416 328 454 M1.
361 415 532 454 etiamne
559 424 601 454 ut
629 430 736 455 ames
762 430 848 455 eam
871 431 990 467 quam
1012 431 1231 468 numquam
1254 417 1452 468 tetigeris?
1508 420 1583 456 AG.

1185 482 1282 520 nihil
1302 482 1343 520 id
1363 482 1561 532 quidemst
1578 498 1586 521 ;

196 555 233 591 75
254 546 352 585 deos
369 559 529 596 quoque
546 547 688 596 edepol
710 555 747 585 et
768 560 860 585 amo
881 555 918 586 et
941 556 1088 595 metuo,
1105 548 1240 598 quibu'
1258 556 1389 586 tamen
1405 547 1585 597 apstineo

1431 627 1581 652 manus.

252 679 384 716 ANTE.
409 691 457 716 eu
471 678 623 716 ecastor
641 682 646 717 Ξ
677 692 799 729 quom
814 687 996 718 ornatum
1011 679 1161 730 aspicio
1175 688 1351 718 nostrum
1365 680 1581 725 ambarum,

1412 745 1585 796 paenitet

251 816 461 848 exornatae
482 817 524 847 ut
545 809 677 848 simus.
738 812 843 848 ΑΒΕ.
876 809 999 848 immo
1020 823 1114 849 uero
1135 824 1228 849 sane
1250 811 1488 858 commode3

251 888 343 912 nam
364 888 434 925 pro
457 874 538 913 erili
561 882 598 913 et
619 882 754 913 nostro
775 883 941 925 quaestu
963 875 1045 913 sati'
1067 875 1169 913 bene
1190 883 1350 914 ornatae
1372 889 1517 914 sumus,
1605 881 1670 926 285

251 953 331 978 non
353 939 458 978 enim
481 939 583 990 potis
606 948 663 979 est
684 948 870 990 quaestus
891 940 983 987 fieri,
1008 941 1047 978 ni
1069 948 1250 991 sumptus
1271 940 1456 991 sequitur,
1479 941 1575 989 scio,

189 1016 230 1046 80
251 1013 288 1044 et
319 1013 452 1044 tamen
484 1005 669 1056 quaestus
698 1020 777 1044 non
805 1006 1003 1054 consistet,
1028 1006 1059 1045 si
1087 1020 1178 1045 eum
1206 1015 1386 1057 sumptus
1416 1015 1583 1057 superat,

1464 1085 1583 1111 soror.

248 1150 297 1176 eo
314 1137 409 1176 illud
427 1137 563 1176 satiust
585 1140 595 1157 ‘
613 1137 705 1176 satis
720 1139 727 1154 '
745 1139 853 1188 quod
870 1137 962 1176 satis
978 1145 1036 1176 est
1053 1137 1190 1176 habitu
1205 1152 1216 1185 ;
1235 1136 1347 1190 (hoc)
1361 1139 1449 1188 plus
1465 1150 1584 1188 quam

1435 1211 1492 1241 sat
1513 1211 1582 1241 est.

247 1270 322 1307 AG.
342 1268 393 1307 ita
411 1282 473 1307 me
489 1269 530 1307 di
545 1276 690 1315 ament,
710 1276 751 1306 ut
769 1268 833 1306 illa
847 1268 909 1306 me
925 1275 1030 1306 amet
1044 1267 1178 1306 malim
1195 1281 1314 1318 quam
1329 1268 1380 1314 di,
1398 1267 1580 1318 Milphio.

247 1348 338 1372 nam
360 1334 424 1372 illa
445 1334 584 1372 mulier
605 1334 777 1384 lapidem
800 1333 947 1372 silicem
974 1333 1154 1384 subigere
1176 1342 1217 1372 ut
1239 1347 1280 1372 se
1300 1342 1405 1372 amet
1426 1342 1566 1384 potest.
1599 1347 1671 1382 290

248 1402 321 1438 M1.
355 1402 420 1452 pol
455 1400 659 1451 idquidem
690 1401 767 1438 hau
801 1399 975 1446 mentire,
1011 1413 1101 1438 nam
1137 1407 1178 1438 tu
1219 1413 1260 1438 es
1305 1399 1435 1450 lapide
1475 1399 1583 1438 silice

1430 1464 1584 1503 stultior

187 1539 227 1578 85
247 1531 313 1581 qui
335 1532 437 1569 hanc
457 1544 576 1569 ames.
630 1533 703 1568 AG.
728 1538 766 1568 at
789 1530 880 1568 uide
903 1529 964 1577 sis,
987 1543 1078 1567 cum
1101 1529 1188 1568 illac
1210 1543 1428 1580 numquam
1448 1529 1583 1568 limaui

965 1634 967 1637 Α
1451 1605 1580 1646 caput.

248 1666 320 1702 M1.
353 1677 504 1702 curram
526 1662 640 1713 igitur
665 1662 798 1712 aliquo
820 1664 870 1700 ad
892 1662 1083 1712 piscinam
1111 1669 1177 1700 aut
1201 1663 1253 1700 ad
1278 1663 1420 1709 lacum,
1443 1661 1582 1700 limum

1436 1735 1579 1777 petam.

246 1796 320 1833 AG.
353 1794 448 1844 quid
470 1807 518 1832 eo
539 1795 685 1844 opust?
746 1795 818 1831 M1.
852 1806 925 1843 ego
947 1793 1104 1831 dicam:
1135 1800 1176 1830 ut
1205 1792 1257 1830 illi
1287 1791 1324 1830 et
1352 1792 1423 1830 tibi
1448 1792 1580 1831 limem

1449 1866 1578 1908 caput.

246 1926 321 1963 AG.
354 1926 365 1962 i
387 1925 425 1962 in
447 1926 590 1962 malam
612 1927 716 1962 rem!
777 1926 849 1962 M1.
885 1924 935 1962 ibi
957 1938 1044 1962 sum
1072 1923 1269 1974 equidem.
1329 1926 1404 1961 AG.
1437 1922 1578 1973 perdis.
1601 1935 1666 1970 295

810 1991 880 2027 M1.
915 1998 1037 2027 taceo.
1098 1992 1171 2027 AG.
1203 1998 1242 2027 at
1263 1997 1454 2039 perpetuo
1474 1990 1577 2027 uolo.

249 2057 322 2094 M1.
355 2055 460 2094 enim
483 2068 587 2101 uero,
612 2068 686 2102 ere,
712 2068 801 2093 meo
824 2056 885 2093 me
907 2054 1064 2092 lacessis
1086 2055 1180 2093 ludo
1201 2062 1239 2093 et
1261 2053 1422 2093 delicias
1443 2053 1547 2092 facis.

290 2163 348 2192 281
379 2162 411 2192 id
430 2161 552 2192 Bothe:
579 2161 643 2191 illic
662 2160 740 2191 Put
756 2159 819 2191 vid.
837 2160 914 2200 (pro
928 2160 1012 2190 idio?
1030 2159 1065 2195 (ᾖ
1087 2159 1164 2198 291)
1181 2171 1186 2189 :
1213 2159 1277 2189 hoc
1294 2157 1432 2198 Sqigffert
1518 2159 1582 2189 282

248 2204 403 2236 acceditA
501 2205 599 2246 [ego]
618 2210 730 2235 tamen
747 2203 779 2234 Ρ
883 2204 945 2241 285
970 2202 1044 2233 erili
1063 2203 1112 2243 et]
1131 2202 1260 2234 erilicet
1278 2201 1311 2232 P
1405 2203 1469 2233 286
1493 2203 1582 2242 potis

249 2254 299 2279 est
316 2249 368 2290 q.]
382 2254 461 2288 pote
476 2260 508 2288 q.
527 2251 662 2278 teslatur
679 2247 850 2278 Charisius
867 2256 938 2285 223.
955 2247 1012 2276 scd
1025 2249 1113 2276 enim
1130 2245 1371 2285 vr'.2·se·rend1m¹
1389 2257 1395 2275 :
1420 2251 1531 2284 potest
1548 2256 1580 2284 q.

249 2292 283 2322 P
297 2296 377 2333 (pro
394 2293 481 2333 potis
504 2298 554 2323 est
568 2293 592 2331 2)
685 2290 757 2321 fieri
772 2315 779 2321 .
795 2314 802 2321 .
819 2314 826 2321 .
843 2295 1004 2329 quaestus
1022 2298 1064 2329 tv.
1085 2291 1163 2329 287)
1181 2300 1248 2321 om.
1263 2289 1296 2320 P
1307 2293 1344 2319 u!
1359 2289 1421 2319 vid.
1439 2293 1584 2329 (propter

249 2337 452 2368 homoeotcl.)
587 2335 650 2366 288
676 2335 789 2365 habitu
808 2335 871 2364 hoc
889 2334 1020 2373 scripsi:
1047 2334 1179 2363 habitus
1196 2333 1238 2372 P,
1255 2332 1288 2363 A
1307 2343 1338 2363 n.
1360 2333 1378 2363 Ι.
1396 2343 1402 2362 :
1417 2333 1499 2373 sort.
1517 2333 1580 2363 hoc

250 2386 362 2411 autem
391 2381 442 2417 (1³⁰
469 2381 527 2414 an)
618 2378 737 2420 <quam
768 2378 846 2407 illud
878 2377 990 2417 quod>
1023 2376 1150 2407 Ritsch!
1279 2386 1339 2416 291
1368 2377 1401 2406 id
1425 2375 1579 2417 quidem]

250 2424 450 2463 equidemA
468 2426 561 2463 §.ipro
579 2422 661 2461 icq.)
747 2431 810 2460 292
828 2430 927 2459 quom
947 2421 966 2450 i.
990 2420 1020 2450 P
1047 2421 1184 2459 antiqua
1193 2419 1310 2458 forma
1408 2430 1469 2458 294
1494 2429 1583 2459 opus

250 2469 294 2498 sit
322 2467 354 2497 P
379 2469 413 2498 ιί.
444 2477 472 2505 7,
501 2468 537 2505 2)
627 2466 676 2496 vel
697 2465 764 2496 illic
869 2463 971 2493 limen
996 2462 1029 2493 P
1158 2473 1221 2502 295
1247 2464 1255 2493 i
1285 2462 1333 2506 in]
1361 2463 1393 2492 in
1421 2463 1453 2493 A
1484 2463 1580 2505 Uin&

252 2511 397 2553 popufis)
413 2510 445 2541 A
