1747 2740
631 102 802 140 MILES
833 103 1148 142 GLORIOSVS

221 212 410 252 molestae
431 217 545 250 sunt:
576 218 698 258 orant,
723 210 916 259 ambiunt,
939 219 1197 263 exopsecrant

158 288 203 322 70
221 277 355 316 uidere
376 285 417 315 ut
438 276 564 323 liceat,
586 277 636 314 ad
659 290 744 315 sese
765 277 906 315 arcessi
930 277 1078 323 iubent,

219 351 261 381 ut
282 350 350 381 tuo
372 356 451 380 non
474 342 588 380 liceat
608 343 702 380 dare
724 355 884 392 operam
908 343 1077 393 negotio.

220 410 289 445 Pv.
321 407 476 445 uidetur
496 414 652 457 tempus
675 420 760 445 esse
782 415 823 445 ut
845 422 980 446 eamus
1001 410 1051 446 ad
1073 410 1212 456 forum,

218 479 261 510 ut
281 471 319 509 in
342 471 494 510 tabellis
516 485 616 521 quos
638 472 869 522 consignaui
891 473 954 510 hic
975 473 1057 511 heri

217 538 398 583 latrones,
422 536 508 574 ibus
530 538 788 576 denumerem
811 537 1063 587 stipendium.

155 611 196 649 75
218 615 309 639 nam
330 616 395 640 rex
416 603 603 641 Seleucus
626 616 688 641 me
709 616 828 652 opere
849 603 974 641 orauit
996 617 1182 642 maxumo

217 674 259 705 ut
280 667 353 705 sibi
374 669 544 706 latrones
565 680 747 717 cogerem
768 675 806 706 et
827 668 1129 707 conscriberem.

216 731 295 782 regi
316 733 422 770 hunc
442 732 548 771 diem
571 733 667 771 mihi
688 747 848 784 operam
870 735 1111 772 decretumst
1131 735 1235 772 dare.

215 798 292 836 AR.
324 810 395 848 age
417 798 557 837 demus
579 811 681 849 ergo.
742 800 809 837 ΡΥ.
842 798 1065 849 sequimini,
1089 799 1334 839 satellites.—

705 1001 944 1050 ACTVS
998 1003 1047 1049 II

698 1103 1061 1141 PALAESTRIO

213 1191 315 1230 Mihi
335 1192 386 1230 ad
407 1191 669 1231 enarrandum
691 1191 768 1229 hoc
789 1198 1064 1241 argumentum
1087 1198 1145 1229 est
1166 1189 1344 1241 comitas,

147 1262 192 1296 80
211 1256 242 1295 si
262 1257 313 1295 ad
333 1257 638 1295 auscultandum
660 1263 793 1294 nostra
813 1255 884 1294 erit
905 1255 1127 1305 benignitas
1144 1270 1154 1303 3

209 1321 276 1373 qui
296 1329 429 1360 autem
450 1322 670 1360 auscultare
691 1322 799 1359 nolet
820 1329 999 1371 exsurgat
1020 1322 1132 1367 foras,

209 1394 252 1426 ut
271 1387 319 1426 sit
340 1386 407 1426 ubi
428 1388 564 1425 sedeat
585 1386 649 1425 ille
670 1386 737 1436 qui
758 1388 978 1426 auscultare
998 1388 1092 1425 uolt.

208 1465 315 1491 nunc
335 1466 414 1503 qua
433 1451 642 1491 adsedistis
663 1465 802 1490 caussa
822 1451 861 1490 in
882 1451 1025 1490 festiuo
1046 1453 1144 1499 loco,

208 1517 430 1557 comoediai
451 1531 570 1567 quam
591 1530 664 1556 nos
684 1517 807 1555 acturi
828 1530 964 1555 sumus

143 1589 185 1634 85
207 1591 246 1621 et
264 1590 540 1633 argumentum
562 1590 599 1621 et
621 1596 768 1621 nomen
788 1582 903 1621 uobis
924 1584 1096 1633 eloquar.

205 1648 373 1696 Ἀλαζών
394 1650 544 1687 Graece
565 1648 657 1687 huic
677 1662 825 1687 nomen
846 1656 904 1686 est
924 1647 1168 1696 comoediae,

204 1716 245 1755 id
265 1729 338 1754 nos
360 1714 500 1753 Latine
525 1713 781 1764 ‘gloriosum'
802 1713 983 1752 dicimus.

203 1783 279 1820 hoc
301 1780 492 1832 oppidum
516 1781 715 1830 Ephesust
731 1794 739 1827 3
769 1778 870 1817 illest
890 1779 1002 1818 miles
1023 1793 1134 1818 meus
1155 1793 1254 1827 erus,

203 1846 270 1897 qui
290 1846 383 1885 hinc
403 1847 453 1885 ad
474 1847 601 1884 forum
623 1845 730 1892 abiit,
752 1844 954 1896 gloriosus,
982 1845 1191 1895 inpudens,

139 1924 184 1959 90
203 1920 434 1959 stercoreus,
456 1912 596 1961 plenus
618 1910 755 1962 peiiuri
777 1918 895 1961 atque
915 1910 1092 1949 adulteri.

246 2018 288 2056 69
312 2017 489 2048 obsecrant
506 2017 539 2046 P
642 2027 681 2055 70
706 2016 830 2047 uiderit
849 2016 904 2050 (-ri
923 2015 984 2053 BT)
1005 2020 1039 2045 ut
1057 2014 1090 2045 P
1186 2024 1223 2053 71
1252 2013 1380 2053 negotii
1395 2014 1428 2044 P
1445 2015 1530 2050 Jcorr.

202 2060 267 2091 ΒΨ)
387 2071 426 2100 73
450 2061 520 2091 aeri
539 2060 570 2091 P
686 2062 814 2100 74—146
831 2060 915 2091 deest
930 2059 963 2088 A
1080 2069 1119 2098 74
1145 2058 1296 2088 latrones
1313 2058 1386 2087 ibus
1403 2057 1535 2089 Nonius

202 2106 266 2143 486
292 2109 413 2135 testans
438 2105 510 2135 ibus
543 2104 597 2144 (cs.
624 2104 778 2134 Placidus
804 2110 885 2145 corp.
911 2104 1011 2143 gloss.
1042 2112 1072 2141 5.
1106 2112 1154 2141 75,
1182 2102 1339 2132 Donatus
1369 2101 1417 2131 ad
1440 2102 1530 2134 Eun.

200 2159 231 2187 3,
264 2160 289 2187 1,
317 2150 400 2188 42N:
423 2148 564 2178 latronis
588 2148 651 2178 bus
676 2148 740 2179 cod.
834 2149 882 2179 vel
904 2148 969 2178 din.
1108 2156 1146 2185 75
1173 2156 1228 2176 res
1253 2145 1317 2176 cod.
1346 2145 1439 2184 (corr.
1469 2146 1530 2186 132)

203 2202 241 2231 77
267 2192 315 2223 rei
332 2191 396 2223 BC
481 2192 536 2222 die
548 2192 611 2222 cod.
632 2193 724 2227 (corr.
746 2191 806 2231 3²)
921 2192 961 2230 78
986 2191 1102 2221 demus
1118 2189 1269 2229 Haspcr:
1291 2194 1402 2220 temus
1422 2191 1529 2229 (tene-

201 2246 274 2266 mus
291 2235 349 2269 J51,
371 2240 544 2266 teneamus
563 2239 600 2265 ut
614 2235 676 2266 vid.
698 2234 763 2272 3⁸3)
782 2234 847 2267 cod.
865 2246 872 2265 z
897 2245 1014 2266 eamus
1026 2234 1099 2266 Ital.
1250 2244 1290 2272 79
1315 2239 1443 2264 comtas
1460 2233 1527 2264 cod.

202 2278 376 2320 (cm-1:132)
510 2280 548 2310 81
576 2279 815 2309 auscultabunt
833 2278 896 2309 cod.
919 2284 994 2319 (pro
1011 2276 1186 2312 auscuth
1211 2278 1267 2308 vii.
1287 2288 1316 2317 p.
1339 2279 1409 2308 106*
1432 2287 1526 2317 xcorr.

199 2322 262 2359 B2)
354 2323 459 2354 nollet
476 2323 561 2355 cod.:
586 2323 669 2353 nolit
686 2322 732 2353 13¹2
840 2324 880 2362 84
905 2333 1005 2362 quam
1025 2332 1086 2352 nos
1103 2320 1264 2360 Pylades:
1290 2322 1444 2360 quandos
1460 2320 1525 2351 cod.

201 2368 275 2407 (pro
290 2369 459 2407 quannosW
550 2367 679 2397 aucturi
696 2366 762 2397 cod.
785 2367 878 2405 (corr.
898 2365 962 2397 32]
1069 2366 1112 2395 86
1136 2369 1188 2395 est
1205 2364 1363 2404 vaades:
1390 2365 1530 2404 eloquar

200 2410 265 2443 cod.
285 2412 376 2449 (exv.
390 2412 446 2449 85)
473 2416 534 2450 pro
550 2415 579 2446 ὅ,
600 2411 616 2441 ι’.
633 2422 656 2441 e.
673 2414 736 2449 est)
872 2411 914 2440 88
930 2410 1017 2440 illest
1039 2408 1191 2450 Sejhffert:
1218 2409 1272 2439 ide
1291 2408 1323 2438 B
1344 2411 1437 2449 *Jpro
1457 2408 1524 2447 illc»,

200 2454 256 2486 ule.
269 2455 384 2491 illeso,
404 2466 470 2485 0111.
489 2454 562 2484 PU>
596 2455 626 2484 iii
657 2455 690 2493 4)

1572 618 1611 652 75

1571 1105 1624 1143 ΙΙ.
1647 1106 1661 1142 i

1559 1794 1597 1817 10
