1747 2740
202 151 271 190 IV.
293 151 324 189 ii
704 154 750 191 T.
785 153 966 193 MACCI
999 153 1205 192 PLAVTI

287 265 358 303 sed
396 264 567 303 uideone
606 278 679 315 ego
718 264 1037 316 Pamphilippum
1082 279 1173 304 cum
1212 267 1327 305 fratre
1366 265 1592 318 Epignomo
1606 269 1624 306 ?

1357 339 1478 382 atque
1498 332 1531 370 is
1550 341 1620 371 est.

244 410 262 442 5
284 395 490 446 adgrediar
511 395 727 434 hominem.
788 404 941 445 sperate
963 395 1252 447 Pamphilippe,
1275 410 1299 436 o
1320 409 1410 447 spes
1431 410 1530 443 mea,

285 474 309 499 ο
330 474 418 498 mea
438 459 530 507 uita,
553 474 578 499 o
599 474 687 499 mea
707 462 902 511 uoluptas,
925 462 1044 499 salue.
1104 463 1256 500 saluom
1277 462 1433 512 gaudeo

283 538 442 575 peregre
464 532 501 563 te
522 524 561 562 in
582 525 747 576 patriam
769 525 942 564 rediisse.
989 527 1094 564 ΡΑΜ.
1118 527 1230 565 saluo
1251 528 1370 574 salue,
1392 527 1604 567 Gelasime.
1641 532 1706 576 585

283 591 359 629 ΟΕ.
381 590 565 629 ualuistin
586 591 719 630 bene?
777 593 881 629 PAM.
906 599 1207 631 sustentatumst
1222 592 1372 631 sedulo.
1433 593 1507 631 ΟΕ.
1530 594 1619 632 ede-

1362 659 1430 709 pol
1449 659 1615 709 gaudeo.

282 722 425 771 edepol
442 735 492 760 ne
506 735 580 772 ego
588 735 695 761 nunc
709 722 805 761 mihi
826 722 1077 762 medimnum
1094 722 1201 762 mille
1217 736 1302 762 esse
1318 723 1468 774 argenti
1484 724 1615 763 uelim.

223 797 261 821 10
283 788 352 826 ΕΡ.
390 787 486 838 quid
517 801 565 826 eo
595 787 665 826 tibi
695 789 842 839 opust?
913 789 986 828 GE.
1029 789 1136 827 hunc
1166 789 1296 827 hercle
1325 789 1376 828 ad
1405 802 1546 828 cenam
1575 797 1619 828 ut

1122 868 1275 901 uocem,
1299 862 1338 893 te
1358 867 1439 893 non
1460 868 1613 894 uocem.

279 919 353 957 ΕΡ.
382 919 597 958 aduorsum
629 926 666 957 te
697 919 881 958 fabulare.
952 920 1026 958 GE.
1057 918 1156 959 illud
1190 919 1366 970 quidem,
1398 920 1540 959 ambos
1573 929 1616 959 ut

1448 999 1590 1026 uocem
1606 1000 1616 1034 ς

277 1056 315 1088 et
336 1049 468 1088 simitu
490 1049 676 1100 equidem
699 1051 776 1088 hau
799 1049 968 1101 maligne
989 1064 1061 1089 uos
1086 1049 1318 1089 inuitassem
1338 1051 1506 1090 domum
1636 1065 1704 1102 590

276 1116 328 1154 ad
353 1129 426 1162 me,
450 1116 520 1154 sed
546 1115 642 1153 mihi
671 1115 743 1166 ipsi
764 1115 874 1154 domi
897 1130 1008 1154 meae
1029 1115 1126 1154 nihil
1147 1123 1216 1155 est.
1275 1124 1395 1166 atque
1419 1116 1497 1155 hoc
1516 1116 1614 1155 sciti'

1529 1195 1614 1220 uos.

279 1246 348 1283 ΕΡ.
381 1246 524 1296 edepol
546 1253 584 1284 te
604 1259 746 1284 uocem
767 1246 958 1293 lubenter,
982 1245 1012 1284 si
1035 1247 1221 1296 superfiat
1241 1247 1364 1285 locus.

217 1324 254 1356 15
278 1312 352 1350 ΟΕ.
385 1311 481 1362 quin
502 1319 586 1350 tum
608 1319 714 1350 stans
735 1320 961 1362 opstrusero
980 1311 1131 1363 aliquid
1157 1320 1327 1351 strenue.
1387 1314 1456 1351 ΕΡ.
1489 1311 1612 1352 immo

1227 1391 1349 1416 unum
1372 1378 1449 1417 hoc
1468 1386 1609 1429 potest.

276 1444 352 1482 GE.
384 1442 513 1493 quid?
571 1444 640 1481 ΕΡ.
674 1441 741 1481 ubi
772 1442 967 1481 conuiuae
996 1441 1175 1490 abierint,
1199 1450 1282 1481 tum
1313 1442 1460 1482 uenias.
1535 1444 1609 1482 GE.

1263 1522 1338 1547 uae
1357 1507 1475 1547 aetati
1497 1515 1587 1548 tuae
1603 1511 1611 1547 ἔ

275 1575 345 1613 ΕΡ.
379 1588 473 1613 uasa
493 1575 655 1622 lautum,
679 1588 759 1613 non
781 1575 832 1614 ad
852 1588 992 1613 cenam
1014 1573 1115 1613 dico.
1176 1575 1250 1613 GE.
1282 1573 1323 1613 di
1344 1582 1381 1613 te
1402 1574 1610 1625 perduint!
1633 1588 1697 1625 595

274 1639 371 1691 quid
405 1640 473 1687 ais,
508 1639 815 1691 Pamphilippe?
873 1641 976 1678 Ram.
1009 1640 1060 1679 ad
1091 1652 1231 1678 cenam
1261 1640 1392 1678 hercle
1420 1639 1499 1678 alio
1525 1653 1610 1690 pro-

1384 1704 1472 1744 misi
1493 1707 1605 1745 foras.

275 1772 349 1811 GE.
373 1771 481 1822 quid,
505 1772 637 1810 foras?
695 1773 803 1810 PAM.
823 1771 925 1810 foras
947 1770 1077 1809 hercle
1098 1784 1203 1811 uero.
1264 1772 1338 1810 ΟΕ.
1371 1770 1438 1822 qui
1459 1773 1607 1810 malum

1283 1836 1353 1875 t1'bi
1375 1837 1478 1876 lasso
1498 1837 1607 1876 lubet

216 1917 255 1939 20
274 1901 366 1942 foris
398 1903 568 1941 cenare?
625 1903 729 1940 PAM.
763 1910 892 1940 utrum
927 1910 967 1940 tu
1003 1903 1171 1941 censes?
1239 1903 1314 1942 ΟΕ.
1347 1902 1467 1942 iuben
1497 1903 1606 1942 domi

1330 1982 1468 2007 cenam
1489 1969 1607 2020 coqui

321 2050 385 2088 583
409 2047 473 2091 (ο)
492 2054 630 2088 sperate
649 2049 792 2082 Lomcm.
808 2049 926 2089 Fctger
944 2049 1000 2079 ‘de
1011 2048 1126 2080 vocat.'
1138 2060 1170 2090 p.
1184 2051 1226 2081 28
1275 2050 1392 2082 accedi!
1405 2050 1438 2081 A
1500 2061 1520 2082 o
1537 2062 1602 2083 om.

277 2091 329 2122 Α·
462 2094 525 2132 585
551 2092 646 2123 saluo
664 2092 758 2123 salue
780 2092 812 2122 Α
834 2097 870 2123 u!
888 2092 948 2123 vid.
971 2105 977 2123 :
1001 2093 1140 2125 saluum.
1179 2094 1268 2125 ΡΑΜ.
1295 2095 1387 2125 salue
1406 2093 1440 2124 P
1541 2096 1607 2134 586

273 2136 464 2167 sustentaui
493 2136 525 2166 P
665 2137 727 2176 587
753 2142 889 2176 egomet
925 2137 1006 2167 mihi
1039 2138 1183 2168 mediam
1210 2139 1416 2176 (mcdediam
1440 2137 1486 2176 Β)
1516 2149 1605 2170 nunc

273 2180 363 2210 mille
389 2179 422 2210 P
530 2180 640 2211 meille
657 2180 690 2210 Α
711 2185 748 2210 ut
764 2179 825 2211 vid.
847 2180 1143 2220 (antn‘qnasormw
1338 2182 1404 2222 588
1427 2181 1468 2213 ad
1485 2192 1603 2214 cenam

274 2223 388 2254 hercle
405 2223 439 2254 P
579 2235 654 2263 590,
674 2234 733 2263 591
760 2235 825 2255 om.
845 2224 878 2255 P
893 2226 1036 2265 (propter
1050 2225 1271 2256 homoeom‘ch.
1286 2226 1313 2265 3)
1459 2235 1524 2265 590
1548 2237 1600 2266 eq.

274 2267 421 2306 simjg'tu)
448 2268 511 2308 hau
537 2268 627 2299 cod.:
653 2269 782 2298 trm'm':
811 2278 863 2307 eq.
884 2269 980 2298 simul
1007 2269 1071 2299 hau
1098 2269 1163 2300 Lro
1327 2279 1387 2309 591
1415 2269 1528 2308 (mithi
1551 2276 1604 2310 nst

274 2311 379 2352 ‹·lo(mi
400 2313 509 2350 melae
526 2311 593 2342 cod.
610 2323 616 2342 :
640 2311 744 2352 suppl.
766 2311 989 2351 Sintis-mund,
1009 2311 1145 2353 Sogffi'rt
1262 2322 1326 2353 593
1350 2319 1419 2344 turn
1436 2311 1602 2354 Scaliger:

275 2360 309 2385 tu
327 2354 413 2386 codd.
436 2355 509 2386 (del.
529 2354 600 2395 A‘2>
620 2355 687 2393 (an.
709 2357 789 2394 quin
807 2357 863 2386 tu?
887 2358 997 2389 stans)
1147 2366 1209 2396 594
1234 2357 1365 2388 abirent
1382 2355 1416 2387 P
1515 2355 1602 2396 tum]

274 2403 310 2429 ut
333 2403 402 2429 tum
423 2399 456 2428 A
482 2398 585 2440 <unde
607 2404 675 2429 tum
701 2404 737 2429 ut
757 2399 894 2437 Ritsclrl,
916 2406 951 2430 ut
975 2398 1109 2439 Segiffen
1277 2410 1341 2440 595
1365 2400 1462 2442 uasa]
1489 2411 1554 2432 una
1572 2401 1607 2432 P

274 2443 422 2481 perdunt
434 2442 467 2474 P
564 2444 630 2482 596
645 2443 718 2482 agis
735 2442 825 2474 codd.
846 2443 912 2481 (jac.
926 2444 976 2474 ais
988 2444 1014 2482 3)
1100 2444 1256 2484 promissi
1275 2449 1311 2475 ut
1327 2443 1388 2476 vid.
1405 2443 1438 2475 Ρ
1449 2445 1603 2486 (antiqua

265 2486 396 2526 forma)
531 2496 593 2527 597
618 2486 675 2526 qui
694 2485 815 2517 malum
834 2486 908 2528 tibi]
925 2487 1005 2526 quid
1025 2488 1148 2519 malum
1165 2488 1197 2517 A
