1747 2740
761 143 989 183 RVDENS
1474 144 1542 184 IV.
1565 146 1611 183 iv

202 270 306 307 quae
327 270 390 296 me
410 255 580 307 paelices
600 256 758 294 adduxe
778 255 885 294 dicet
905 262 996 294 ante
1018 257 1155 294 oculos
1176 269 1279 295 suos.

203 336 276 361 uos
296 321 496 372 confugite
517 320 557 359 in
577 334 684 359 aram
706 320 838 371 potius
859 321 979 371 quam
1001 334 1085 371 ego.
1166 323 1248 368 PA„
1272 323 1354 359 AM.
1380 321 1545 362 miserae

1344 387 1542 437 periimus.

206 454 284 491 DA.
328 467 402 503 ego
441 465 513 491 uos
552 453 681 490 saluas
720 451 867 499 sistam,
910 465 959 490 ne
999 450 1146 490 timete.
1225 453 1295 491 sed
1335 452 1432 502 quid
1472 466 1545 491 uos
1568 469 1585 501 5

1443 519 1546 557 foras

94 596 184 631 1050
201 583 516 634 prosequimini?
572 582 761 633 quoniam
784 596 857 633 ego
877 583 1031 629 adsum,
1054 581 1170 621 faciet
1191 597 1311 622 nemo
1338 582 1519 622 iniuriam
1536 598 1546 632 3

201 649 263 696 ite,
288 649 462 699 inquam,
485 650 652 687 domurn
673 649 794 686 ambo
816 647 1003 687 nunciam
1026 662 1072 687 ex
1093 648 1291 699 praesidio
1312 649 1524 699 praesides.

201 717 278 754 GR.
308 729 333 753 o
353 728 428 762 ere,
451 716 570 753 salue.
632 716 709 752 DA.
739 715 859 761 salue,
883 713 1016 765 Gripe.
1065 713 1163 765 quid
1184 715 1256 752 fit?
1313 716 1389 753 TR.
1413 717 1547 754 tuo'ne

1216 780 1280 819 hic
1302 794 1437 820 seruos
1458 783 1547 820 est?

201 849 279 886 GR.
312 847 389 885 hau
424 847 558 897 pudet.
620 848 696 884 TR.
730 847 784 884 n1'l
814 859 888 897 ago
919 853 1062 884 tecum.
1124 847 1202 885 GR.
1235 859 1328 896 ergo
1357 846 1422 885 abi
1453 846 1546 886 hinc

767 911 828 951 sis.
889 914 965 950 TR.
999 926 1148 963 quaeso
1169 913 1376 963 responde,
1401 926 1544 952 senex:

199 988 288 1019 tuos
315 980 380 1019 hic
410 981 592 1019 seruost?
651 981 726 1018 DA.
765 993 877 1018 meus
907 986 976 1018 est.
1037 981 1113 1017 TR.
1146 993 1210 1018 em
1238 978 1339 1018 istuc
1367 986 1542 1029 optume,
1570 997 1607 1018 10

1242 1045 1405 1095 quando
1426 1052 1542 1083 tuost.

92 1122 178 1160 1055
199 1111 341 1150 iterum
372 1119 410 1150 te
439 1112 577 1150 saluto.
640 1112 717 1149 DA.
750 1118 788 1149 et
818 1123 892 1161 ego
919 1117 968 1149 te.
1029 1117 1124 1149 tune
1151 1123 1193 1148 es
1218 1109 1285 1160 qui
1313 1111 1391 1148 hau
1420 1112 1546 1148 multo

1438 1175 1545 1226 prius

198 1241 329 1281 abiisti
350 1241 444 1281 hinc
464 1255 574 1281 erum
596 1240 862 1281 accersitum?
918 1242 995 1278 ΤΚ.
1028 1254 1103 1291 ego
1123 1239 1154 1279 is
1176 1254 1274 1279 sum.
1338 1243 1415 1279 DA.
1447 1241 1544 1292 quid

703 1356 706 1362 Ι
1234 1320 1342 1345 nunc
1363 1306 1423 1345 uis
1444 1306 1546 1345 tibi?

198 1375 274 1412 TR.
298 1386 443 1424 nempe
464 1372 528 1412 hic
549 1380 638 1412 tuos
659 1374 748 1412 est?
793 1374 869 1410 DA.
894 1384 1006 1411 meus
1027 1378 1096 1411 est.
1143 1373 1220 1410 ΤΗ.
1244 1370 1345 1410 istuc
1366 1380 1542 1423 optume,

1239 1439 1403 1488 quando
1425 1445 1541 1478 tuost.

200 1506 275 1543 DA.
308 1503 405 1555 quid
430 1503 630 1555 negotist?
687 1505 763 1542 TR.
797 1502 856 1542 uir
883 1503 1073 1542 scelestus
1100 1502 1179 1542 illic
1206 1510 1275 1542 est.
1337 1505 1413 1542 DA.
1446 1506 1544 1554 quid

1359 1566 1451 1605 fecit
1471 1567 1543 1607 tibi

197 1631 256 1670 uir
276 1633 495 1671 scelestus?
551 1634 628 1670 TR.
661 1630 813 1671 homini
835 1644 908 1681 ego
930 1630 992 1669 isti
1014 1631 1113 1669 talos
1135 1630 1327 1682 subfringi
1348 1633 1452 1671 uolo.
1565 1650 1602 1682 15

89 1703 179 1738 1060
200 1699 275 1735 DA.
308 1697 406 1748 quid
436 1698 524 1737 est?
563 1711 641 1748 qua
671 1698 721 1736 de
751 1710 791 1736 re
826 1695 984 1748 litigatis
1014 1710 1121 1735 nunc
1156 1696 1258 1736 inter
1289 1699 1391 1735 uos?
1462 1699 1539 1737 TR.

1365 1765 1538 1815 eloquar.

196 1831 273 1869 GR.
306 1829 431 1868 immo
470 1842 544 1880 ego
583 1830 755 1880 eloquar.
825 1830 901 1867 TR,
935 1842 1022 1879 ego,
1061 1828 1215 1879 opinor,
1257 1843 1339 1867 rem
1374 1831 1537 1869 facesso.

1213 1896 1290 1933 GR.
1323 1895 1355 1933 si
1376 1895 1538 1946 quidem

196 1961 248 2001 sis
269 1960 449 2013 pudicus,
473 1960 566 1999 hinc
587 1961 767 2000 facessas.
829 1962 906 1999 DA.
940 1959 1072 2011 Gripe,
1096 1959 1275 1999 animum
1302 1962 1469 2000 aduorte
1494 1976 1539 2000 ac

1441 2035 1537 2066 tace.

197 2095 274 2133 GR.
308 2092 391 2131 utin
423 2091 510 2130 istic
540 2091 637 2142 priu’
668 2091 803 2131 dicat?
873 2093 949 2130 DA.
983 2091 1087 2130 audi.
1139 2093 1301 2142 loquere
1332 2100 1384 2131 tu.
1460 2095 1538 2131 GR.

1250 2157 1409 2196 alienon
1432 2157 1539 2208 prius

197 2237 317 2275 quam
339 2231 408 2262 tuo
428 2222 542 2261 da'bis
563 2222 812 2261 orationem?
869 2224 945 2260 TR.
979 2223 1020 2261 tit
1042 2222 1227 2273 nequitur
1249 2223 1457 2274 comprimi
1476 2227 1482 2261 1
1559 2240 1600 2263 20

244 2327 324 2356 ¹047
351 2317 533 2347 adduxisse
551 2315 616 2346 cod.
634 2328 639 2347 :
666 2316 802 2347 obduxe
817 2315 953 2345 Mueller
965 2314 1098 2351 (Rlzet'n,
1112 2315 1203 2346 Mus.
1219 2326 1271 2355 54,
1288 2316 1367 2355 534)
1458 2327 1540 2356 1052

197 2372 256 2392 ere
283 2361 517 2391 Camerarius:
545 2370 605 2399 pre
623 2359 688 2390 cod.
817 2370 898 2398 1053
922 2359 973 2390 abi
1001 2361 1079 2390 hinc
1102 2360 1147 2389 sis
1168 2370 1251 2399 ergo
1278 2360 1366 2390 Bria·
1458 2364 1541 2392 1060

196 2415 286 2435 nunc
303 2405 442 2444 litigatis
458 2404 523 2434 cod.
543 2415 550 2435 :
576 2405 650 2436 irai.
665 2403 878 2434 Camerarius
949 2413 980 2434 n.
1003 2404 1021 2435 i.
1044 2414 1072 2434 u.
1094 2404 1113 2434 1.
1134 2402 1262 2434 Schoell
1386 2405 1466 2435 1061
1493 2406 1544 2436 vel

197 2450 301 2490 opino
419 2450 503 2488 1063
528 2447 602 2479 dica
620 2446 685 2480 cod.
1385 2493 1447 2523 24*
