1747 2740
638 130 1045 169 MOSTELLARIA
1430 129 1507 166 III.
1530 127 1559 165 ii

173 254 254 280 non
275 240 381 281 enim
403 242 501 280 haec
522 240 775 291 pultiphagus
797 239 928 290 opifex
949 253 1069 290 opera
1089 239 1180 278 fecit
1201 239 1400 278 barbarus.
1535 257 1598 288 140

173 307 295 346 uiden
309 307 543 358 coagmenta
557 306 596 344 in
611 306 791 345 foribus?
839 307 918 344 ΤΗ.
944 305 1073 344 uideo.
1135 307 1211 343 TR.
1236 313 1371 355 specta
1391 318 1510 355 quam

1190 379 1272 409 arte
1294 371 1507 410 dormiunt.

83 442 154 486 830
172 439 251 477 TH.
293 437 527 477 dormiunt?
601 439 677 476 ΤΚ.
724 437 821 476 illud
857 437 1019 488 quidem
1057 440 1121 475 ‘ut
1160 436 1371 475 coniuent'
1401 436 1509 474 uolui

1364 501 1506 540 dicere.

170 568 271 607 satin
285 569 438 608 habes?
500 570 580 608 TH.
611 576 653 608 ut
675 568 871 619 quidquid
886 568 999 618 magi'
1013 569 1256 618 contemplo,
1270 574 1381 605 tanto
1396 567 1510 618 magi’

1366 635 1505 682 placet.

168 703 244 740 TR.
278 700 398 740 uiden
420 701 581 752 pictum,
606 700 675 739 ubi
697 700 874 740 ludificat
896 713 973 738 una
999 699 1133 738 cornix
1155 698 1345 738 uolturios
1367 700 1498 737 duos?

167 769 248 806 ΤΗ.
281 781 362 806 non
402 769 545 819 edepol
581 767 711 806 uideo.
778 769 855 805 ΤΚ.
893 774 933 805 at
972 779 1045 816 ego
1085 765 1215 804 uideo.
1276 779 1368 803 nam
1408 765 1508 804 inter
1531 781 1590 813 145

1193 831 1384 870 uolturios
1406 833 1506 870 duos

167 899 303 938 cornix
323 907 434 947 astat,
458 913 503 938 ea
524 899 715 938 uolturios
736 900 817 938 duo
838 898 1012 936 uicissim
1034 898 1203 936 uellicat.

80 976 145 1021 835
168 978 318 1015 quaeso
339 966 417 1004 huc
437 967 488 1003 ad
510 978 573 1004 me
594 972 739 1015 specta,
764 964 962 1002 cornicem
986 971 1027 1002 ut
1048 963 1277 1014 conspicere
1298 963 1458 1013 possies.

166 1031 242 1069 iam
270 1031 413 1069 uides?
469 1032 547 1069 TH.
582 1031 760 1081 profecto
795 1030 942 1068 nullam
976 1028 1163 1079 equidem
1196 1028 1274 1067 illic
1306 1029 1504 1067 cornicem

1361 1094 1500 1133 intuor.

164 1163 241 1200 TR.
273 1169 313 1201 at
334 1170 375 1200 tu
397 1161 472 1200 isto
493 1163 543 1200 ad
565 1174 637 1200 uos
659 1168 833 1211 optuere,
857 1160 1047 1211 quoniam
1069 1159 1268 1198 cornicem
1291 1160 1431 1210 nequis

164 1227 395 1278 conspicari,
420 1227 451 1265 si
473 1226 663 1265 uolturios
686 1228 784 1264 forte
806 1225 932 1276 possis
954 1225 1100 1264 contui.
1529 1242 1588 1273 150

164 1295 242 1332 TH.
275 1292 451 1340 omnino,
484 1300 527 1330 ut
550 1300 588 1330 te
615 1293 832 1342 apsoluam,
856 1292 1005 1330 nullam
1036 1290 1181 1341 pictam
1209 1290 1413 1341 conspicio
1441 1291 1504 1329 hic

1374 1370 1498 1397 auem.

76 1431 147 1474 840
165 1427 241 1463 ΤΗ.
274 1438 356 1475 age,
381 1425 457 1463 iam
480 1424 605 1472 mitto,
629 1423 793 1474 ignosco
813 1439 819 1462 :
850 1430 979 1462 aetate
1001 1437 1081 1461 non
1103 1422 1190 1473 quis
1212 1423 1418 1473 optuerier.

164 1493 243 1529 ΤΗ.
277 1492 386 1538 haec,
423 1504 525 1541 quae
557 1503 730 1541 possum,
769 1503 816 1529 ea
856 1489 951 1527 mihi
993 1491 1170 1540 profecto
1209 1497 1353 1527 cuncta
1384 1490 1502 1527 uehe-

1159 1562 1312 1593 menter
1332 1556 1499 1605 placent.

162 1624 216 1662 S1.
249 1622 355 1661 latiu'
371 1623 571 1661 demumst
593 1635 736 1672 operae
756 1620 925 1672 pretium
947 1620 1075 1659 inisse.
1127 1621 1206 1658 TH.
1239 1628 1343 1659 recte
1359 1622 1502 1671 edepol

1349 1700 1498 1725 mones.

162 1755 215 1793 S1.
248 1755 325 1793 eho
348 1754 477 1800 istum,
501 1767 632 1804 puere,
656 1753 909 1792 circumduce
934 1754 1052 1791 hasce
1073 1752 1182 1791 aedis
1205 1759 1242 1791 et
1263 1752 1480 1790 conclauia.
1524 1765 1581 1798 155

162 1833 252 1857 nam
275 1827 432 1869 egomet
453 1820 671 1866 ductarem,
692 1818 765 1856 nisi
789 1818 841 1856 mi
863 1826 964 1857 esset
986 1819 1093 1869 apud
1115 1819 1243 1856 forum
1265 1817 1479 1868 negotium.

73 1891 140 1935 845
162 1885 241 1922 ΤΗ.
273 1898 397 1935 apage
418 1884 536 1922 istum
557 1898 580 1922 a
601 1897 664 1922 me
685 1885 973 1934 perductorem‚
999 1884 1051 1921 nil
1075 1897 1206 1921 moror
1226 1883 1431 1922 ductarier.

34 1955 141 1998 8467
163 1950 359 2001 quidquid
380 1958 451 1996 est,
472 1950 609 1988 errabo
631 1949 760 2000 potius
782 1963 901 1999 quam
923 1950 1130 1999 perductet
1151 1949 1358 2000 quispiam.

161 2017 215 2053 SI.
246 2015 355 2054 aedis
390 2015 491 2053 dico.
552 2016 630 2053 TH.
663 2028 754 2064 ergo
786 2014 888 2052 intro
916 2027 963 2052 eo
995 2013 1109 2063 igitur
1138 2014 1222 2053 sine
1249 2017 1494 2065 perductore.

1294 2081 1347 2118 S1.
1380 2080 1495 2120 ilicet.

216 2187 280 2217 828
298 2185 480 2226 pultusagis
496 2184 528 2215 A
599 2186 663 2224 829
687 2185 845 2215 dormunt
862 2184 895 2214 P
907 2185 1000 2217 (corr.
1015 2184 1081 2224 B'2)
1173 2185 1232 2223 831
1253 2185 1302 2214 vel
1316 2196 1414 2225 mage
1434 2211 1439 2218 .
1458 2210 1464 2216 .
1486 2210 1492 2217 .

162 2238 258 2268 mage
317 2229 527 2268 contemplor
544 2227 632 2260 codd.
695 2229 770 2268 832.
790 2229 853 2268 833
870 2229 920 2259 vel
934 2229 1001 2259 duo
1105 2228 1169 2268 832
1194 2229 1387 2260 ludificatur
1404 2229 1493 2261 codd.

161 2283 188 2303 c.
209 2283 276 2304 una
293 2272 325 2303 P
432 2274 496 2311 833
520 2283 585 2303 om.
605 2271 638 2302 P
653 2273 712 2309 (iii.
735 2277 787 2312 11)
879 2272 997 2303 uideor
1014 2282 1089 2302 nam
1106 2271 1171 2302 cod.
1285 2273 1347 2311 834
1366 2274 1496 2304 uellitat

159 2315 193 2345 P
209 2318 298 2357 (corr.
314 2315 380 2355 82)
517 2317 582 2355 836
597 2316 648 2346 vel
661 2316 706 2347 illi
797 2317 969 2346 cornicum
984 2316 1015 2345 A
1147 2316 1211 2355 842
1228 2322 1342 2347 erecte
1355 2317 1388 2347 P
1400 2320 1491 2357 (corr.

159 2358 220 2399 ΒΞ)
240 2362 287 2400 (e-
300 2366 363 2401 pro
380 2364 457 2390 nola
471 2362 648 2400 pm'sonae?
674 2361 711 2400 ‘s-
733 2371 761 2391 v.
782 2361 862 2399 849)
985 2361 1049 2398 843
1074 2360 1135 2399 hof.
1149 2360 1180 2388 A
1319 2362 1382 2399 844
1407 2362 1447 2391 ad
1467 2361 1499 2391 Ρ

159 2403 266 2442 845-7
291 2404 411 2434 lacuna
429 2405 460 2433 in
478 2404 532 2434 ΡΑ
552 2404 602 2442 (cf.
620 2414 670 2434 vv.
688 2405 810 2443 864—7)
930 2404 993 2443 845
1011 2415 1029 2434 a
1053 2414 1118 2434 om.
1138 2403 1171 2433 P
1257 2405 1493 2443 perductorem

159 2457 224 2478 om.
246 2447 278 2477 P
406 2449 479 2487 846,
499 2448 561 2486 847
581 2458 626 2478 er.
648 2458 679 2487 p.
698 2458 796 2488 quam
813 2458 878 2480 om.
898 2447 931 2477 P
946 2447 995 2487 (cf
1012 2445 1107 2488 81612)
1257 2448 1321 2491 848
1345 2449 1419 2479 adis
1435 2449 1468 2479 P
