1747 2740
570 161 984 203 TRVCVLENTVS
1414 161 1445 199 I.
1467 160 1497 199 ii

111 274 143 315 si
163 275 260 315 illud
281 277 390 327 quod
412 277 597 315 uolumus
619 275 772 323 dicitur,
797 277 926 326 palam
948 288 1070 325 quom
1093 274 1349 322 mentiuntur,
1470 286 1512 320 95

110 355 248 380 uerum
270 355 356 381 esse
377 341 507 380 insciti
527 341 738 389 credimus,
762 345 841 381 †ne
863 340 946 379 uias
968 345 1152 381 utamur’t
1174 340 1238 378 ira.

109 409 179 446 As.
212 407 324 446 heia!
355 408 462 446 haud
483 406 573 446 itast
594 421 664 446 res.
727 408 793 445 Dr.
825 406 889 445 ain
912 413 953 445 tu
975 420 1063 445 earn
1086 420 1148 445 me
1169 407 1330 445 amare?
1380 407 1448 444 As.

1033 471 1156 511 immo
1178 471 1293 510 unice
1315 485 1450 510 unum.

112 540 179 577 D1.
228 537 426 589 peperisse
446 538 593 578 audiui.
655 540 724 578 As.
771 539 834 585 ah,
871 551 1048 588 opsecro,
1079 545 1176 584 tace,
1213 536 1451 575 Diniarche!

1128 606 1194 642 D1.
1227 602 1324 654 quid
1345 602 1453 641 iam?

26 677 89 713 195
111 670 180 708 As.
213 670 398 709 horresco
420 670 571 717 misera,
595 669 746 709 mentio
766 668 950 720 quotiens
972 670 1014 707 fit
1035 668 1235 719 partionis,

110 733 164 772 ita
184 749 310 785 paene
330 737 439 774 nulla
460 735 530 774 tibi
551 735 623 774 fuit
645 734 919 774 Phronesium.
980 736 991 773 ἰ
1012 734 1125 781 intro,
1148 734 1304 781 amabo,
1478 745 1538 768 ¹00

110 799 214 839 uisse
235 800 353 839 illam.
412 809 532 851 atque
552 800 826 852 opperimino:
857 800 934 839 iarn
956 799 1077 839 exibit
1093 815 1102 848 3
1132 814 1224 838 nam
1246 800 1415 838 lauabat.

112 866 178 904 DI.
211 865 308 915 quid
335 865 391 904 ais
416 867 489 904 tu?
523 880 626 917 quae
653 880 873 917 numquam
901 865 974 905 fuit
1004 879 1194 917 praegnas
1225 864 1293 916 qui
1319 878 1454 915 parere

1298 929 1426 981 potuit
1439 931 1456 969 Ρ

110 1009 203 1035 nam
224 997 410 1048 equidem
438 997 493 1036 illi
521 1005 687 1046 uterum,
710 998 820 1048 quod
850 997 984 1046 sciam,
1007 1010 1227 1049 numquam
1254 1004 1455 1036 extumere

1335 1061 1453 1102 sensi.

25 1138 94 1163 200
112 1130 181 1167 AS.
214 1129 369 1168 celabat
389 1130 672 1180 metuebatque
693 1137 742 1178 te,
765 1143 816 1168 ne
837 1136 878 1168 tu
900 1129 975 1168 sibi
995 1130 1251 1181 persuaderes

110 1202 155 1233 ut
173 1194 372 1234 abortioni
392 1209 553 1246 operam
575 1196 685 1234 daret
706 1208 954 1245 puerumque
974 1202 1017 1233 ut
1037 1194 1219 1234 enicaret.
1478 1207 1539 1241 105

112 1262 178 1299 D1.
212 1269 297 1300 turn
317 1263 385 1312 pol
405 1261 492 1300 istic
512 1269 571 1300 est
592 1275 715 1312 puero
735 1269 846 1312 pater
867 1260 1169 1312 Babyloniensis
1191 1260 1317 1309 miles,

109 1326 255 1377 quoius
283 1341 392 1367 nunc
420 1327 495 1367 ista
522 1322 743 1367 aduentum
772 1327 930 1378 expetit.
1001 1329 1072 1366 As.
1102 1326 1226 1365 immo
1255 1328 1306 1366 ab
1334 1339 1382 1365 eo
1412 1332 1455 1365 ut

1179 1392 1456 1442 nuntiatumst,

110 1457 189 1498 iam
210 1458 277 1498 hic
295 1460 525 1499 adfuturum
545 1459 656 1498 aiunt
677 1473 780 1498 eum.
840 1459 1021 1498 nondum
1042 1458 1253 1497 aduenisse
1274 1458 1402 1496 miror.

23 1535 90 1573 205
113 1527 179 1565 D1.
212 1525 282 1565 ibo
310 1524 426 1576 igitur
451 1526 583 1565 intro?
652 1528 719 1565 As.
753 1525 966 1576 quippini?
1006 1533 1086 1564 tarn
1116 1525 1304 1563 audacter
1333 1537 1453 1574 quarn

1128 1592 1295 1630 domum
1317 1591 1367 1629 ad
1389 1597 1427 1629 te
1445 1603 1456 1638 3

111 1672 204 1697 narn
225 1666 268 1697 tu
288 1658 452 1709 quidem
473 1659 617 1709 edepol
637 1666 770 1697 noster
790 1671 831 1697 es
852 1656 1091 1704 etiamnunc,
1117 1656 1344 1695 Diniarche.
1479 1665 1541 1689 110

114 1727 179 1764 D1.
212 1738 333 1775 quam
362 1738 454 1763 mox
480 1732 518 1763 te
546 1725 624 1763 huc
644 1723 814 1774 recipis?
872 1725 942 1762 As.
974 1722 1050 1761 iam
1082 1722 1146 1761 hic
1172 1736 1262 1761 ero:
1296 1728 1457 1773 propest

1055 1789 1231 1839 profecta
1252 1801 1332 1838 quo
1353 1801 1452 1826 sum.

868 1899 947 1919 sseSUl

159 1938 219 1968 192
245 1939 287 1959 ne
305 1929 351 1959 uti
377 1932 475 1959 nestu
496 1933 612 1959 mutua
631 1938 705 1958 mur
722 1928 754 1959 Ρ
770 1928 843 1969 (pro
865 1929 1082 1959 mutuamur?
1107 1938 1138 1958 v.
1156 1927 1190 1966 3N
1215 1938 1221 1957 ε
1257 1937 1299 1957 ne
1317 1931 1351 1956 ut
1368 1925 1456 1957 iusta

114 1978 246 2003 utamur
262 1973 390 2013 Bugge,
407 1971 582 2002 Buecheler
761 1982 822 2011 193
847 1972 926 2002 anin
952 1976 1044 2002 tuine
1069 1975 1198 2001 amaret
1217 1970 1340 2011 P(om.
1361 1981 1456 2006 eam:

112 2017 149 2056 cs)
175 2028 205 2048 v.
240 2020 314 2056 194)
476 2026 535 2055 194
563 2015 670 2057 [eam]
699 2016 814 2047 audiui
842 2015 942 2055 P(cf.
973 2026 1002 2046 v.
1027 2015 1102 2055 193)
1220 2014 1301 2055 iam]
1329 2025 1402 2045 eam
1426 2014 1459 2045 Ρ

116 2070 175 2099 195
202 2060 369 2091 Horrisco
388 2060 511 2090 misera
528 2060 641 2090 sentio
658 2059 692 2090 Ρ
778 2059 954 2101 quotiens]
974 2059 1064 2099 quod
1088 2059 1151 2090 diis
1167 2058 1222 2091 P:
1248 2058 1337 2098 quod
1364 2057 1453 2089 codd.

112 2104 290 2134 Nom‘i218
305 2116 312 2134 :
336 2104 392 2134 vix
408 2109 489 2143 quot
507 2104 580 2134 dies
717 2105 778 2144 196
802 2104 893 2135 nulla
911 2115 977 2135 om.
998 2104 1030 2135 P
1118 2102 1179 2134 sibi
1197 2103 1229 2133 A
1322 2102 1330 2132 i
1347 2113 1413 2133 om.
1428 2101 1460 2132 Ρ

116 2158 175 2187 197
200 2148 291 2187 atqui
310 2147 447 2188 Seyffert
549 2148 777 2190 opperimino]
799 2148 935 2188 operire
954 2147 998 2178 ibi
1013 2146 1046 2177 P
1144 2146 1251 2177 exiuit
1269 2157 1345 2177 nam
1364 2146 1455 2176 laua-

112 2192 161 2222 bit
177 2191 210 2222 P
343 2193 403 2231 198
428 2192 480 2232 tu]
500 2192 521 2221 li
541 2192 573 2222 Ρ
693 2203 752 2232 ῐ99
776 2192 827 2223 vel
843 2192 910 2223 illic
1003 2197 1048 2222 ut.
1074 2191 1119 2222 illi
1137 2190 1170 2220 P
1255 2191 1342 2221 scias
1359 2189 1452 2229 P<zf

111 2236 228 2266 Amer.
244 2235 366 2273 Journ.
384 2236 469 2266 Pln'l.
492 2246 540 2275 17,
559 2236 637 2274 444]
773 2247 838 2267 200
863 2241 896 2266 te
925 2247 966 2266 ne
996 2236 1046 2276 tu]
1077 2241 1134 2266 teu
1165 2237 1213 2270 (te
1239 2234 1328 2273 PCD)
1348 2239 1403 2264 aut
1426 2233 1460 2264 Ρ

113 2290 175 2310 2οῑ
202 2280 252 2321 ut]
274 2280 311 2310 lit
328 2280 362 2309 P
377 2280 413 2309 «li
426 2285 491 2321 pro
507 2280 542 2314 η’)
699 2290 762 2311 202
788 2281 809 2311 i.
829 2290 934 2319 puero
956 2280 1035 2319 quid
1055 2285 1106 2310 est
1125 2279 1160 2318 (i.
1175 2290 1198 2310 e.
1217 2278 1401 2318 quidemst)
1422 2287 1454 2317 p.

113 2323 146 2353 P
288 2334 351 2363 203
376 2324 517 2363 expetiti
536 2323 568 2353 Ρ
656 2329 832 2355 nuntatust
851 2323 884 2354 P
1011 2334 1072 2362 204
1101 2333 1212 2353 moror
1229 2323 1262 2353 P
1391 2330 1455 2360 205

112 2367 197 2408 tam]
215 2378 314 2407 quam
333 2368 365 2399 Ρ
466 2368 531 2397 206
554 2366 689 2406 quidem
708 2379 773 2398 om.
793 2368 826 2398 P
913 2378 950 2398 es
969 2368 1085 2409 etiam]
1105 2372 1156 2397 set
1174 2367 1238 2397 iam
1257 2365 1290 2396 Ρ
1391 2376 1453 2404 207

111 2410 176 2442 hue
193 2422 259 2444 om.
276 2412 308 2443 Ρ
405 2412 566 2451 recepisti
583 2410 615 2441 P

1303 2500 1366 2531 32*
