1747 2740
131 90 162 129 I.
185 91 214 128 ii
603 92 650 128 T.
685 91 866 130 MACCI
898 92 1103 130 PLAVTI

290 202 389 240 duas
410 202 544 240 se‘cum
566 200 741 247 adduxit,
765 200 914 251 quique
934 202 1143 241 adornaret
1164 201 1237 241 sibi

292 275 334 306 ut
355 281 435 306 rem
458 266 634 305 diuinam
657 265 783 312 saciat,
807 273 874 304 aut
895 266 1016 305 hodie
1036 275 1103 305 aut
1124 267 1216 306 heri.
1544 280 1611 314 130

292 334 368 371 DA.
402 345 481 370 non
504 332 646 378 hercle,
664 332 913 378 adulescens,
930 330 1006 369 iam
1029 333 1102 370 hos
1122 332 1206 371 dies
1227 334 1521 384 complusculos

291 410 534 448 quemquam
556 396 642 435 istic
664 395 746 434 uidi
768 397 999 435 sacruficare
1021 411 1150 448 neque
1170 405 1300 447 potest

117 476 160 510 45
291 465 393 502 clam
415 476 478 501 me
499 476 584 501 esse
605 461 636 500 si
658 461 725 512 qui
747 463 977 501 sacruficat:
1009 476 1164 513 semper
1183 470 1323 513 petunt

288 542 433 578 aquam
455 527 547 566 hinc
567 535 635 566 aut
657 527 787 577 ignem
809 535 877 565 aut
898 529 1058 566 uascula
1073 535 1141 566 aut
1156 529 1325 566 cultrum
1341 536 1409 567 aut
1424 542 1520 568 ueru

287 601 355 632 aut
375 595 506 632 aulam
527 600 710 641 extarem,
734 600 802 631 aut
822 592 1125 643 aliquid—quid
1146 592 1277 632 uerbis
1297 596 1445 644 opust?
1545 608 1606 645 135

289 659 435 698 Veneri
457 658 591 709 paraui
613 672 707 696 uasa
728 666 766 697 et
786 666 963 709 puteum,
987 672 1067 697 non
1089 658 1195 696 mihi.

289 739 396 764 nunc
417 724 667 762 interuallum
690 724 767 762 iam
789 725 862 762 hos
884 724 968 762 dies
990 725 1135 762 multos
1156 723 1238 762 fuit.

119 804 161 837 50
291 792 357 829 PL.
390 797 433 829 ut
454 790 574 829 uerba
596 789 816 839 praehibes,
841 803 903 827 me
924 788 1084 839 periisse
1105 789 1318 839 praedicas.

293 857 369 894 DA.
403 869 491 894 mea
511 854 675 905 quidem
698 856 829 893 hercle
850 867 989 893 caussa
1009 856 1139 893 saluos
1161 854 1212 893 sis
1234 854 1334 893 licet.

289 922 349 960 Sc.
381 923 479 960 heus
501 928 542 958 tu
563 919 630 970 qui
652 921 743 958 fana
763 919 911 958 uentris
932 933 1070 958 caussa
1091 919 1283 968 circumis,
1544 934 1609 967 140

288 986 423 1025 iubere
445 985 601 1024 meliust
622 984 833 1035 prandium
856 985 984 1023 ornari
1005 985 1125 1024 domi,

291 1053 367 1090 DA.
400 1052 563 1089 fortasse
583 1057 625 1087 tu
647 1049 730 1087 huc'
747 1057 912 1087 uocatus
933 1063 975 1088 es
995 1051 1045 1088 ad
1067 1050 1288 1101 prandium,

119 1131 159 1164 55
289 1117 340 1155 ill'
360 1115 428 1167 qui
450 1115 608 1154 uocauit
629 1116 760 1153 nullus
782 1114 921 1153 uenit?
979 1117 1045 1153 PL.
1077 1117 1309 1155 admodum.

289 1183 352 1221 SC.
384 1183 574 1219 nullumst
595 1180 786 1230 periclum
808 1187 846 1218 te
867 1180 960 1218 hinc
981 1180 1035 1219 ire
1056 1180 1282 1231 inpransum
1306 1182 1471 1220 domum
1489 1197 1496 1220 :

289 1248 474 1287 Cererem
495 1254 533 1284 te
556 1244 746 1297 melius<t)
769 1258 888 1295 quam
911 1247 1108 1283 Venerem
1130 1246 1335 1285 sectarier:
1543 1259 1604 1296 145

287 1312 412 1351 amori
432 1314 530 1350 haec
551 1319 659 1350 curat
675 1326 685 1359 ,·
715 1310 843 1349 tritico
864 1319 972 1349 curat
995 1312 1124 1350 Ceres

291 1380 357 1417 PL.
390 1377 662 1417 deludificauit
685 1390 748 1414 me
770 1376 834 1415 ille
855 1377 978 1415 homo
999 1376 1171 1427 indignis
1192 1376 1332 1415 modis.

119 1449 162 1480 60
294 1445 370 1482 DA.
403 1457 473 1494 pro
493 1443 533 1482 di
556 1443 783 1481 inmortales
801 1445 807 1480 ἔ
839 1441 936 1492 quid
957 1441 1048 1480 illuc
1070 1451 1138 1489 est,
1163 1442 1388 1492 Sceparnio,

290 1509 497 1547 hominum
519 1509 741 1547 secundum
762 1507 883 1545 litus?
941 1509 1003 1546 Sc.
1036 1516 1078 1545 ut
1100 1521 1187 1546 mea
1207 1508 1380 1558 opiniost

289 1582 447 1625 propter
467 1573 572 1612 uiam
595 1573 647 1611 illi
670 1580 761 1611 sunt
782 1572 912 1610 uocati
934 1573 985 1611 ad
1006 1572 1226 1622 prandium.
1543 1588 1608 1624 150

291 1642 369 1678 DA.
400 1640 496 1690 qui?
554 1641 615 1678 SC.
649 1638 742 1689 quia
762 1646 851 1687 post
872 1651 1023 1685 cenam,
1047 1639 1178 1684 credo,
1201 1639 1380 1676 lauerunt
1402 1638 1494 1677 heri.

292 1707 367 1744 DA.
400 1707 600 1744 confracta
621 1703 733 1742 nauis
755 1702 794 1740 in
816 1702 912 1740 mari
934 1711 992 1740 est
1013 1702 1097 1741 illis.
1159 1704 1220 1740 Sc.
1254 1703 1306 1741 ita
1327 1712 1394 1742 est.

120 1772 160 1812 65
289 1778 328 1809 at
349 1772 478 1809 hercle
500 1770 615 1808 nobis
636 1769 729 1807 uilla
751 1768 789 1805 in
811 1776 911 1805 terra
932 1776 969 1806 ct
991 1770 1154 1817 tegulae.
1219 1769 1293 1805 DA.
1327 1768 1393 1806 hui
1412 1772 1418 1806 ἶ

290 1836 521 1874 homunculi
543 1834 679 1885 quanti
701 1833 793 1872 estis
811 1836 816 1871 Ξ
848 1833 961 1871 eiecti
984 1841 1025 1870 ut
1047 1841 1182 1871 natant
1200 1836 1206 1871 !
1543 1846 1650 1882 1545

292 1903 358 1939 PL.
391 1900 458 1938 ubi
489 1908 579 1938 sunt
607 1900 641 1938 ei
669 1898 862 1944 homines,
890 1900 1084 1948 opsecro?
1145 1901 1218 1936 DA.
1251 1900 1325 1936 hac
1352 1901 1402 1937 ad
1429 1902 1517 1938 dex-

1395 1975 1515 2003 terum

291 2031 429 2081 <uiden
443 2032 476 2079 ?)
498 2032 718 2069 secundum
740 2030 840 2067 litus.
904 2031 970 2066 PL.
1005 2029 1133 2067 uideo.
1194 2030 1414 2079 sequimini.

230 2146 288 2175 132
312 2136 363 2167 vel
377 2137 431 2167 isti
569 2146 628 2173 ¹42
653 2146 690 2166 cs
707 2145 780 2165 uoe.
800 2134 863 2164 huc
887 2133 966 2164 Tut
981 2133 1042 2164 vid.
1184 2144 1243 2173 143
1268 2134 1323 2164 ille
1341 2136 1396 2174 qui
1418 2135 1491 2167 Ital.
1508 2147 1514 2165 :

182 2179 240 2210 illu
266 2181 313 2211 tui
339 2180 404 2211 cod.
558 2190 615 2218 145
642 2179 800 2209 Cererem
825 2177 896 2207 Ital.
917 2189 922 2207 :
960 2187 1092 2216 prerem
1119 2177 1184 2207 cod.
1303 2178 1423 2208 melius
1447 2179 1512 2210 cod.

180 2225 343 2254 sectarier
382 2223 615 2254 Camerarius:
649 2222 836 2262 spectarier
867 2220 930 2250 aul.
1107 2223 1166 2259 146
1190 2222 1293 2251 amori
1326 2220 1513 2253 Meum'us:

180 2278 330 2298 amorem
346 2267 411 2298 cod.
430 2268 466 2305 (i.
481 2268 518 2306 9)
597 2277 654 2305 147
681 2266 746 2296 illic
765 2266 796 2296 h.
821 2265 985 2294 usitatum
1059 2275 1118 2303 ¹49
1143 2270 1178 2295 ut
1196 2264 1325 2294 lllrmda
1343 2276 1349 2295 z
1376 2271 1431 2295 aut
1446 2266 1511 2297 cod.

181 2317 232 2341 cst
250 2312 367 2350 opinio
383 2310 446 2341 cod.
464 2322 469 2340 :
495 2311 568 2341 trar‘.
586 2309 666 2341 Ra:
715 2319 784 2347 ¹54·
804 2317 862 2346 155
888 2308 1207 2338 natanth'sc-e'anus
1228 2319 1252 2340 ι,
1273 2318 1332 2339 100
1349 2321 1354 2338 :
1381 2315 1514 2339 natrant

181 2356 334 2397 (narrant
351 2354 440 2396 PBC)
460 2354 526 2386 cod.
653 2354 713 2395 156
737 2352 783 2393 ei]
804 2352 836 2382 hi
855 2351 915 2391 Ui*
935 2351 998 2382 cod.
1018 2355 1055 2381 u!
1070 2351 1132 2382 vid.
1160 2353 1302 2392 izuh-pro
1320 2352 1425 2393 hisce)
