<?xml version="1.0" encoding="UTF-8"?>
<!DOCTYPE html PUBLIC "-//W3C//DTD XHTML 1.0 Transitional//EN"
    "http://www.w3.org/TR/xhtml1/DTD/xhtml1-transitional.dtd">
<html xmlns="http://www.w3.org/1999/xhtml" xml:lang="en" lang="en">
 <head>
  <title>
</title>
<meta http-equiv="Content-Type" content="text/html;charset=utf-8" />
  <meta name='ocr-system' content='tesseract 3.04.00' />
  <meta name='ocr-capabilities' content='ocr_page ocr_carea ocr_par ocr_line ocrx_word'/>
</head>
<body>
  <div class='ocr_page' id='page_1' title='image "./comoediaerecogno02plau_0077.png"; bbox 0 0 1747 2740; ppageno 0'>
   <div class='ocr_carea' id='block_1_1' title="bbox 555 176 1534 216">
    <p class='ocr_par' dir='ltr' id='par_1_1' title="bbox 555 176 1534 216">
     <span class='ocr_line' id='line_1_1' title="bbox 555 176 1534 216; baseline 0.001 -2"><span class='ocrx_word' id='word_1_1' title='bbox 555 177 727 215; x_wconf 91' lang='lat' dir='ltr'>MILES</span> <span class='ocrx_word' id='word_1_2' title='bbox 759 176 1073 214; x_wconf 83' lang='lat' dir='ltr'>GLORIOSVS</span> <span class='ocrx_word' id='word_1_3' title='bbox 1414 179 1482 216; x_wconf 84' lang='lat' dir='ltr'>IV.</span> <span class='ocrx_word' id='word_1_4' title='bbox 1504 178 1534 215; x_wconf 91' lang='lat' dir='ltr'>ii</span> 
     </span>
    </p>
   </div>
   <div class='ocr_carea' id='block_1_2' title="bbox 153 286 1488 469">
    <p class='ocr_par' dir='ltr' id='par_1_2' title="bbox 153 286 1488 469">
     <span class='ocr_line' id='line_1_2' title="bbox 153 286 1486 341; baseline -0.002 -12"><span class='ocrx_word' id='word_1_5' title='bbox 153 290 248 341; x_wconf 82' lang='lat' dir='ltr'>quin</span> <span class='ocrx_word' id='word_1_6' title='bbox 275 297 316 328; x_wconf 88' lang='lat' dir='ltr'>tu</span> <span class='ocrx_word' id='word_1_7' title='bbox 343 288 437 327; x_wconf 87' lang='lat' dir='ltr'>huic</span> <span class='ocrx_word' id='word_1_8' title='bbox 463 288 671 338; x_wconf 82' lang='lat' dir='ltr'><strong>responde,</strong></span> <span class='ocrx_word' id='word_1_9' title='bbox 694 288 792 325; x_wconf 91' lang='lat' dir='ltr'>haec</span> <span class='ocrx_word' id='word_1_10' title='bbox 817 286 929 325; x_wconf 88' lang='lat' dir='ltr'>illaec</span> <span class='ocrx_word' id='word_1_11' title='bbox 950 294 1008 325; x_wconf 88' lang='lat' dir='ltr'>est</span> <span class='ocrx_word' id='word_1_12' title='bbox 1035 286 1086 325; x_wconf 86' lang='lat' dir='ltr'>ab</span> <span class='ocrx_word' id='word_1_13' title='bbox 1106 286 1171 325; x_wconf 85' lang='lat' dir='ltr'>illa</span> <span class='ocrx_word' id='word_1_14' title='bbox 1191 300 1310 337; x_wconf 85' lang='lat' dir='ltr'>quam</span> <span class='ocrx_word' id='word_1_15' title='bbox 1333 288 1486 326; x_wconf 87' lang='lat' dir='ltr'>dudum</span> 
     </span>
     <span class='ocr_line' id='line_1_3' title="bbox 1360 352 1486 404; baseline 0 -14"><span class='ocrx_word' id='word_1_16' title='bbox 1360 352 1486 404; x_wconf 76' lang='lat' dir='ltr'>(dixi).</span> 
     </span>
     <span class='ocr_line' id='line_1_4' title="bbox 154 416 1488 469; baseline -0.001 -11"><span class='ocrx_word' id='word_1_17' title='bbox 154 422 222 458; x_wconf 72' lang='grc' dir='ltr'>ΡΥ.</span> <span class='ocrx_word' id='word_1_18' title='bbox 254 433 333 469; x_wconf 86' lang='lat' dir='ltr'>qua</span> <span class='ocrx_word' id='word_1_19' title='bbox 351 419 402 457; x_wconf 88' lang='lat' dir='ltr'>ab</span> <span class='ocrx_word' id='word_1_20' title='bbox 423 418 609 456; x_wconf 83' lang='lat' dir='ltr'>illarum?</span> <span class='ocrx_word' id='word_1_21' title='bbox 652 431 743 456; x_wconf 86' lang='lat' dir='ltr'>nam</span> <span class='ocrx_word' id='word_1_22' title='bbox 765 416 818 455; x_wconf 84' lang='lat' dir='ltr'>ita</span> <span class='ocrx_word' id='word_1_23' title='bbox 840 430 903 455; x_wconf 83' lang='lat' dir='ltr'>mc</span> <span class='ocrx_word' id='word_1_24' title='bbox 919 425 1128 455; x_wconf 83' lang='lat' dir='ltr'>occursant</span> <span class='ocrx_word' id='word_1_25' title='bbox 1151 419 1297 456; x_wconf 88' lang='lat' dir='ltr'>multae</span> <span class='ocrx_word' id='word_1_26' title='bbox 1316 432 1322 455; x_wconf 93' lang='lat'>:</span> <span class='ocrx_word' id='word_1_27' title='bbox 1353 418 1488 456; x_wconf 87' lang='lat' dir='ltr'>memi-</span> 
     </span>
    </p>
   </div>
   <div class='ocr_carea' id='block_1_3' title="bbox 153 481 1488 598">
    <p class='ocr_par' dir='ltr' id='par_1_3' title="bbox 153 481 1488 598">
     <span class='ocr_line' id='line_1_5' title="bbox 1087 481 1484 533; baseline 0.005 -14"><span class='ocrx_word' id='word_1_28' title='bbox 1087 481 1191 520; x_wconf 88' lang='lat' dir='ltr'>nisse</span> <span class='ocrx_word' id='word_1_29' title='bbox 1213 483 1290 520; x_wconf 81' lang='lat' dir='ltr'>hau</span> <span class='ocrx_word' id='word_1_30' title='bbox 1311 496 1484 533; x_wconf 87' lang='lat' dir='ltr'>possum.</span> 
     </span>
     <span class='ocr_line' id='line_1_6' title="bbox 153 546 1488 598; baseline 0 -11"><span class='ocrx_word' id='word_1_31' title='bbox 153 551 226 587; x_wconf 91' lang='lat' dir='ltr'>M1.</span> <span class='ocrx_word' id='word_1_32' title='bbox 258 549 310 587; x_wconf 88' lang='lat' dir='ltr'>ab</span> <span class='ocrx_word' id='word_1_33' title='bbox 348 548 413 586; x_wconf 89' lang='lat' dir='ltr'>illa</span> <span class='ocrx_word' id='word_1_34' title='bbox 452 562 554 598; x_wconf 81' lang='lat' dir='ltr'>quae</span> <span class='ocrx_word' id='word_1_35' title='bbox 593 547 737 597; x_wconf 82' lang='lat' dir='ltr'>digitos</span> <span class='ocrx_word' id='word_1_36' title='bbox 776 546 973 597; x_wconf 84' lang='lat' dir='ltr'>despoliat</span> <span class='ocrx_word' id='word_1_37' title='bbox 1013 560 1104 585; x_wconf 86' lang='lat' dir='ltr'>suos</span> <span class='ocrx_word' id='word_1_38' title='bbox 1145 555 1183 585; x_wconf 90' lang='lat' dir='ltr'>et</span> <span class='ocrx_word' id='word_1_39' title='bbox 1219 555 1308 586; x_wconf 89' lang='lat' dir='ltr'>tuos</span> <span class='ocrx_word' id='word_1_40' title='bbox 1343 548 1488 598; x_wconf 83' lang='lat' dir='ltr'>digitos</span> 
     </span>
    </p>
   </div>
   <div class='ocr_carea' id='block_1_4' title="bbox 151 614 1552 729">
    <p class='ocr_par' dir='ltr' id='par_1_4' title="bbox 151 614 1552 729">
     <span class='ocr_line' id='line_1_7' title="bbox 1313 614 1487 652; baseline 0.006 -1"><span class='ocrx_word' id='word_1_41' title='bbox 1313 614 1487 652; x_wconf 78' lang='lat' dir='ltr'><strong>decorat.</strong></span> 
     </span>
     <span class='ocr_line' id='line_1_8' title="bbox 151 676 1552 729; baseline 0 -12"><span class='ocrx_word' id='word_1_42' title='bbox 151 693 242 717; x_wconf 88' lang='lat' dir='ltr'>narn</span> <span class='ocrx_word' id='word_1_43' title='bbox 256 681 363 717; x_wconf 89' lang='lat' dir='ltr'>hunc</span> <span class='ocrx_word' id='word_1_44' title='bbox 376 680 538 716; x_wconf 88' lang='lat' dir='ltr'>anulum</span> <span class='ocrx_word' id='word_1_45' title='bbox 556 678 606 716; x_wconf 72' lang='lat' dir='ltr'>ab</span> <span class='ocrx_word' id='word_1_46' title='bbox 620 677 676 715; x_wconf 90' lang='lat' dir='ltr'>tui</span> <span class='ocrx_word' id='word_1_47' title='bbox 690 677 865 727; x_wconf 80' lang='lat' dir='ltr'>cupienti</span> <span class='ocrx_word' id='word_1_48' title='bbox 878 677 971 715; x_wconf 90' lang='lat' dir='ltr'>huic</span> <span class='ocrx_word' id='word_1_49' title='bbox 984 676 1118 723; x_wconf 89' lang='lat' dir='ltr'>detuli,</span> <span class='ocrx_word' id='word_1_50' title='bbox 1130 678 1194 715; x_wconf 80' lang='lat' dir='ltr'>hic</span> <span class='ocrx_word' id='word_1_51' title='bbox 1207 690 1324 727; x_wconf 90' lang='lat' dir='ltr'>porro</span> <span class='ocrx_word' id='word_1_52' title='bbox 1336 676 1404 729; x_wconf 80' lang='lat' dir='ltr'>&lt;ad</span> <span class='ocrx_word' id='word_1_53' title='bbox 1419 677 1484 729; x_wconf 79' lang='lat' dir='ltr'>te).</span> <span class='ocrx_word' id='word_1_54' title='bbox 1508 683 1552 718; x_wconf 92' lang='lat'>60</span> 
     </span>
    </p>
   </div>
   <div class='ocr_carea' id='block_1_5' title="bbox 43 741 1487 794">
    <p class='ocr_par' dir='ltr' id='par_1_5' title="bbox 43 741 1487 794">
     <span class='ocr_line' id='line_1_9' title="bbox 43 741 1487 794; baseline -0.001 -12"><span class='ocrx_word' id='word_1_55' title='bbox 43 755 133 793; x_wconf 82' lang='lat'>1050</span> <span class='ocrx_word' id='word_1_56' title='bbox 153 745 221 782; x_wconf 86' lang='grc' dir='ltr'>Ργ.</span> <span class='ocrx_word' id='word_1_57' title='bbox 251 743 348 794; x_wconf 88' lang='lat' dir='ltr'>quid</span> <span class='ocrx_word' id='word_1_58' title='bbox 378 756 485 781; x_wconf 89' lang='lat' dir='ltr'>nunc</span> <span class='ocrx_word' id='word_1_59' title='bbox 513 742 583 781; x_wconf 91' lang='lat' dir='ltr'>tibi</span> <span class='ocrx_word' id='word_1_60' title='bbox 611 742 684 789; x_wconf 87' lang='lat' dir='ltr'>uis,</span> <span class='ocrx_word' id='word_1_61' title='bbox 710 741 878 780; x_wconf 87' lang='lat' dir='ltr'>mulier?</span> <span class='ocrx_word' id='word_1_62' title='bbox 909 754 1097 779; x_wconf 85' lang='lat' dir='ltr'>memora.</span> <span class='ocrx_word' id='word_1_63' title='bbox 1157 743 1231 779; x_wconf 85' lang='lat' dir='ltr'>M1.</span> <span class='ocrx_word' id='word_1_64' title='bbox 1263 750 1305 780; x_wconf 90' lang='lat' dir='ltr'>ut</span> <span class='ocrx_word' id='word_1_65' title='bbox 1326 755 1428 792; x_wconf 88' lang='lat' dir='ltr'>quae</span> <span class='ocrx_word' id='word_1_66' title='bbox 1449 750 1487 780; x_wconf 93' lang='lat' dir='ltr'>te</span> 
     </span>
    </p>
   </div>
   <div class='ocr_carea' id='block_1_6' title="bbox 149 807 1487 926">
    <p class='ocr_par' dir='ltr' id='par_1_6' title="bbox 149 807 1487 926">
     <span class='ocr_line' id='line_1_10' title="bbox 989 807 1483 858; baseline 0.006 -14"><span class='ocrx_word' id='word_1_67' title='bbox 989 807 1107 857; x_wconf 88' lang='lat' dir='ltr'>cupit,</span> <span class='ocrx_word' id='word_1_68' title='bbox 1132 820 1219 845; x_wconf 89' lang='lat' dir='ltr'>earn</span> <span class='ocrx_word' id='word_1_69' title='bbox 1241 821 1291 846; x_wconf 90' lang='lat' dir='ltr'>ne</span> <span class='ocrx_word' id='word_1_70' title='bbox 1312 821 1483 858; x_wconf 82' lang='lat' dir='ltr'>spernas,</span> 
     </span>
     <span class='ocr_line' id='line_1_11' title="bbox 149 872 1487 926; baseline -0.001 -11"><span class='ocrx_word' id='word_1_71' title='bbox 149 889 251 926; x_wconf 86' lang='lat' dir='ltr'>quae</span> <span class='ocrx_word' id='word_1_72' title='bbox 280 889 349 926; x_wconf 87' lang='lat' dir='ltr'>per</span> <span class='ocrx_word' id='word_1_73' title='bbox 379 884 486 914; x_wconf 86' lang='lat' dir='ltr'>tuam</span> <span class='ocrx_word' id='word_1_74' title='bbox 517 887 623 913; x_wconf 90' lang='lat' dir='ltr'>nunc</span> <span class='ocrx_word' id='word_1_75' title='bbox 653 873 775 912; x_wconf 87' lang='lat' dir='ltr'>uitam</span> <span class='ocrx_word' id='word_1_76' title='bbox 807 873 929 911; x_wconf 89' lang='lat' dir='ltr'>uiuit:</span> <span class='ocrx_word' id='word_1_77' title='bbox 960 872 1009 910; x_wconf 89' lang='lat' dir='ltr'>sit</span> <span class='ocrx_word' id='word_1_78' title='bbox 1036 886 1162 911; x_wconf 88' lang='lat' dir='ltr'>necne</span> <span class='ocrx_word' id='word_1_79' title='bbox 1192 873 1240 911; x_wconf 89' lang='lat' dir='ltr'>sit</span> <span class='ocrx_word' id='word_1_80' title='bbox 1267 887 1356 924; x_wconf 83' lang='lat' dir='ltr'>spes</span> <span class='ocrx_word' id='word_1_81' title='bbox 1384 873 1423 912; x_wconf 87' lang='lat' dir='ltr'>in</span> <span class='ocrx_word' id='word_1_82' title='bbox 1449 882 1487 913; x_wconf 89' lang='lat' dir='ltr'>te</span> 
     </span>
    </p>
   </div>
   <div class='ocr_carea' id='block_1_7' title="bbox 145 947 1547 1255">
    <p class='ocr_par' dir='ltr' id='par_1_7' title="bbox 1310 947 1483 978">
     <span class='ocr_line' id='line_1_12' title="bbox 1310 947 1483 978; baseline 0.006 -1"><span class='ocrx_word' id='word_1_83' title='bbox 1310 953 1391 978; x_wconf 90' lang='lat' dir='ltr'>uno</span> <span class='ocrx_word' id='word_1_84' title='bbox 1413 947 1483 978; x_wconf 88' lang='lat' dir='ltr'>est.</span> 
     </span>
    </p>

    <p class='ocr_par' dir='ltr' id='par_1_8' title="bbox 149 1004 1486 1058">
     <span class='ocr_line' id='line_1_13' title="bbox 149 1004 1486 1058; baseline -0.002 -12"><span class='ocrx_word' id='word_1_85' title='bbox 149 1009 216 1046; x_wconf 74' lang='grc' dir='ltr'>ΡΥ.</span> <span class='ocrx_word' id='word_1_86' title='bbox 250 1007 347 1058; x_wconf 91' lang='lat' dir='ltr'>quid</span> <span class='ocrx_word' id='word_1_87' title='bbox 376 1020 483 1045; x_wconf 89' lang='lat' dir='ltr'>nunc</span> <span class='ocrx_word' id='word_1_88' title='bbox 513 1007 625 1045; x_wconf 91' lang='lat' dir='ltr'>uolt?</span> <span class='ocrx_word' id='word_1_89' title='bbox 684 1006 758 1043; x_wconf 85' lang='lat' dir='ltr'>M1.</span> <span class='ocrx_word' id='word_1_90' title='bbox 791 1012 829 1043; x_wconf 92' lang='lat' dir='ltr'>te</span> <span class='ocrx_word' id='word_1_91' title='bbox 859 1005 1098 1054; x_wconf 78' lang='lat' dir='ltr'>compellare</span> <span class='ocrx_word' id='word_1_92' title='bbox 1128 1012 1166 1042; x_wconf 88' lang='lat' dir='ltr'>et</span> <span class='ocrx_word' id='word_1_93' title='bbox 1201 1004 1411 1054; x_wconf 78' lang='lat' dir='ltr'>complecti</span> <span class='ocrx_word' id='word_1_94' title='bbox 1447 1012 1486 1043; x_wconf 93' lang='lat' dir='ltr'>et</span> 
     </span>
    </p>

    <p class='ocr_par' dir='ltr' id='par_1_9' title="bbox 1227 1078 1482 1109">
     <span class='ocr_line' id='line_1_14' title="bbox 1227 1078 1482 1109; baseline 0.004 -1"><span class='ocrx_word' id='word_1_95' title='bbox 1227 1078 1482 1109; x_wconf 87' lang='lat' dir='ltr'>contrectare.</span> 
     </span>
    </p>

    <p class='ocr_par' dir='ltr' id='par_1_10' title="bbox 145 1134 1547 1255">
     <span class='ocr_line' id='line_1_15' title="bbox 146 1134 1483 1187; baseline -0.001 -11"><span class='ocrx_word' id='word_1_96' title='bbox 146 1152 238 1177; x_wconf 90' lang='lat' dir='ltr'>narn</span> <span class='ocrx_word' id='word_1_97' title='bbox 260 1138 334 1176; x_wconf 84' lang='lat' dir='ltr'>nisi</span> <span class='ocrx_word' id='word_1_98' title='bbox 356 1146 397 1176; x_wconf 88' lang='lat' dir='ltr'>tu</span> <span class='ocrx_word' id='word_1_99' title='bbox 418 1137 473 1176; x_wconf 91' lang='lat' dir='ltr'>illi</span> <span class='ocrx_word' id='word_1_100' title='bbox 493 1138 568 1175; x_wconf 89' lang='lat' dir='ltr'>fers</span> <span class='ocrx_word' id='word_1_101' title='bbox 589 1135 801 1187; x_wconf 85' lang='lat' dir='ltr'>suppetias,</span> <span class='ocrx_word' id='word_1_102' title='bbox 820 1135 897 1173; x_wconf 88' lang='lat' dir='ltr'>iam</span> <span class='ocrx_word' id='word_1_103' title='bbox 919 1135 985 1173; x_wconf 88' lang='lat' dir='ltr'>illa</span> <span class='ocrx_word' id='word_1_104' title='bbox 1004 1134 1181 1173; x_wconf 83' lang='lat' dir='ltr'>animum</span> <span class='ocrx_word' id='word_1_105' title='bbox 1203 1136 1483 1186; x_wconf 77' lang='lat' dir='ltr'>despondebit.</span> 
     </span>
     <span class='ocr_line' id='line_1_16' title="bbox 145 1212 1547 1255; baseline 0.009 -13"><span class='ocrx_word' id='word_1_106' title='bbox 145 1217 227 1255; x_wconf 86' lang='lat' dir='ltr'>age,</span> <span class='ocrx_word' id='word_1_107' title='bbox 1504 1212 1547 1255; x_wconf 83' lang='lat'>65</span> 
     </span>
    </p>
   </div>
   <div class='ocr_carea' id='block_1_8' title="bbox 15 1266 1485 1582">
    <p class='ocr_par' dir='ltr' id='par_1_11' title="bbox 15 1266 1485 1513">
     <span class='ocr_line' id='line_1_17' title="bbox 15 1266 1480 1318; baseline 0 -12"><span class='ocrx_word' id='word_1_108' title='bbox 15 1274 127 1317; x_wconf 75' lang='lat'>1054⁵</span> <span class='ocrx_word' id='word_1_109' title='bbox 149 1269 201 1307; x_wconf 87' lang='lat' dir='ltr'>mi</span> <span class='ocrx_word' id='word_1_110' title='bbox 222 1269 410 1316; x_wconf 87' lang='lat' dir='ltr'>Achilles,</span> <span class='ocrx_word' id='word_1_111' title='bbox 434 1269 501 1306; x_wconf 88' lang='lat' dir='ltr'>fiat</span> <span class='ocrx_word' id='word_1_112' title='bbox 522 1268 632 1318; x_wconf 90' lang='lat' dir='ltr'>quod</span> <span class='ocrx_word' id='word_1_113' title='bbox 653 1274 692 1306; x_wconf 87' lang='lat' dir='ltr'>te</span> <span class='ocrx_word' id='word_1_114' title='bbox 712 1280 794 1314; x_wconf 89' lang='lat' dir='ltr'>oro,</span> <span class='ocrx_word' id='word_1_115' title='bbox 817 1280 931 1305; x_wconf 89' lang='lat' dir='ltr'>serua</span> <span class='ocrx_word' id='word_1_116' title='bbox 951 1266 1057 1304; x_wconf 85' lang='lat' dir='ltr'>illam</span> <span class='ocrx_word' id='word_1_117' title='bbox 1078 1268 1285 1317; x_wconf 84' lang='lat' dir='ltr'>pulchram</span> <span class='ocrx_word' id='word_1_118' title='bbox 1306 1268 1480 1317; x_wconf 86' lang='lat' dir='ltr'>pulchre,</span> 
     </span>
     <span class='ocr_line' id='line_1_18' title="bbox 41 1332 1481 1385; baseline -0.002 -11"><span class='ocrx_word' id='word_1_119' title='bbox 41 1344 125 1382; x_wconf 81' lang='lat'>1055</span> <span class='ocrx_word' id='word_1_120' title='bbox 148 1348 334 1385; x_wconf 87' lang='lat' dir='ltr'>exprome</span> <span class='ocrx_word' id='word_1_121' title='bbox 354 1334 571 1385; x_wconf 82' lang='lat' dir='ltr'>benignum</span> <span class='ocrx_word' id='word_1_122' title='bbox 592 1348 640 1372; x_wconf 82' lang='lat' dir='ltr'>ex</span> <span class='ocrx_word' id='word_1_123' title='bbox 659 1341 698 1371; x_wconf 91' lang='lat' dir='ltr'>te</span> <span class='ocrx_word' id='word_1_124' title='bbox 714 1332 928 1383; x_wconf 71' lang='lat' dir='ltr'>ingenium,</span> <span class='ocrx_word' id='word_1_125' title='bbox 948 1332 1148 1383; x_wconf 84' lang='lat' dir='ltr'>urbicape‚</span> <span class='ocrx_word' id='word_1_126' title='bbox 1163 1332 1315 1372; x_wconf 86' lang='lat' dir='ltr'>occisor</span> <span class='ocrx_word' id='word_1_127' title='bbox 1335 1346 1481 1383; x_wconf 80' lang='lat' dir='ltr'>regum,</span> 
     </span>
     <span class='ocr_line' id='line_1_19' title="bbox 149 1398 1485 1450; baseline -0.001 -10"><span class='ocrx_word' id='word_1_128' title='bbox 149 1403 217 1440; x_wconf 76' lang='lat' dir='ltr'>Pv.</span> <span class='ocrx_word' id='word_1_129' title='bbox 250 1414 299 1440; x_wconf 92' lang='lat' dir='ltr'>eu</span> <span class='ocrx_word' id='word_1_130' title='bbox 326 1402 457 1439; x_wconf 90' lang='lat' dir='ltr'>hercle</span> <span class='ocrx_word' id='word_1_131' title='bbox 485 1399 643 1439; x_wconf 75' lang='lat' dir='ltr'>odiosas</span> <span class='ocrx_word' id='word_1_132' title='bbox 668 1402 752 1438; x_wconf 81' lang='lat' dir='ltr'>res!</span> <span class='ocrx_word' id='word_1_133' title='bbox 783 1398 967 1449; x_wconf 89' lang='lat' dir='ltr'>quotiens</span> <span class='ocrx_word' id='word_1_134' title='bbox 998 1399 1075 1437; x_wconf 91' lang='lat' dir='ltr'>hoc</span> <span class='ocrx_word' id='word_1_135' title='bbox 1105 1398 1188 1446; x_wconf 88' lang='lat' dir='ltr'>tibi,</span> <span class='ocrx_word' id='word_1_136' title='bbox 1211 1399 1388 1447; x_wconf 87' lang='lat' dir='ltr'>uerbero,</span> <span class='ocrx_word' id='word_1_137' title='bbox 1412 1412 1485 1450; x_wconf 84' lang='lat' dir='ltr'>ego</span> 
     </span>
     <span class='ocr_line' id='line_1_20' title="bbox 1288 1464 1482 1513; baseline 0.005 -11"><span class='ocrx_word' id='word_1_138' title='bbox 1288 1464 1482 1513; x_wconf 79' lang='lat' dir='ltr'>interdixi,</span> 
     </span>
    </p>

    <p class='ocr_par' dir='ltr' id='par_1_12' title="bbox 147 1529 1482 1582">
     <span class='ocr_line' id='line_1_21' title="bbox 147 1529 1482 1582; baseline -0.002 -11"><span class='ocrx_word' id='word_1_139' title='bbox 147 1546 276 1571; x_wconf 88' lang='lat' dir='ltr'>meam</span> <span class='ocrx_word' id='word_1_140' title='bbox 315 1545 365 1571; x_wconf 87' lang='lat' dir='ltr'>ne</span> <span class='ocrx_word' id='word_1_141' title='bbox 405 1531 460 1570; x_wconf 88' lang='lat' dir='ltr'>sic</span> <span class='ocrx_word' id='word_1_142' title='bbox 499 1532 618 1582; x_wconf 85' lang='lat' dir='ltr'>uolgo</span> <span class='ocrx_word' id='word_1_143' title='bbox 656 1529 873 1582; x_wconf 88' lang='lat' dir='ltr'>pollicitere</span> <span class='ocrx_word' id='word_1_144' title='bbox 913 1529 1103 1580; x_wconf 75' lang='lat' dir='ltr'>operam?</span> <span class='ocrx_word' id='word_1_145' title='bbox 1160 1531 1229 1567; x_wconf 74' lang='grc' dir='ltr'>ΡΑ.</span> <span class='ocrx_word' id='word_1_146' title='bbox 1266 1530 1387 1569; x_wconf 88' lang='lat' dir='ltr'>audin</span> <span class='ocrx_word' id='word_1_147' title='bbox 1428 1538 1482 1577; x_wconf 93' lang='lat' dir='ltr'>tu,</span> 
     </span>
    </p>
   </div>
   <div class='ocr_carea' id='block_1_9' title="bbox 147 1595 1544 1705">
    <p class='ocr_par' dir='ltr' id='par_1_13' title="bbox 147 1595 1544 1705">
     <span class='ocr_line' id='line_1_22' title="bbox 1313 1595 1484 1634; baseline 0.006 -1"><span class='ocrx_word' id='word_1_148' title='bbox 1313 1595 1452 1634; x_wconf 90' lang='lat' dir='ltr'>mulier</span> <span class='ocrx_word' id='word_1_149' title='bbox 1467 1597 1484 1634; x_wconf 89' lang='lat'>?</span> 
     </span>
     <span class='ocr_line' id='line_1_23' title="bbox 147 1659 1544 1705; baseline -0.004 -2"><span class='ocrx_word' id='word_1_150' title='bbox 147 1664 226 1704; x_wconf 87' lang='lat' dir='ltr'>dixi</span> <span class='ocrx_word' id='word_1_151' title='bbox 248 1665 324 1703; x_wconf 89' lang='lat' dir='ltr'>hoc</span> <span class='ocrx_word' id='word_1_152' title='bbox 354 1663 424 1702; x_wconf 87' lang='lat' dir='ltr'>tibi</span> <span class='ocrx_word' id='word_1_153' title='bbox 446 1664 599 1701; x_wconf 88' lang='lat' dir='ltr'>dudum</span> <span class='ocrx_word' id='word_1_154' title='bbox 627 1669 665 1700; x_wconf 90' lang='lat' dir='ltr'>et</span> <span class='ocrx_word' id='word_1_155' title='bbox 693 1674 800 1699; x_wconf 88' lang='lat' dir='ltr'>nunc</span> <span class='ocrx_word' id='word_1_156' title='bbox 825 1660 940 1699; x_wconf 89' lang='lat' dir='ltr'>dico:</span> <span class='ocrx_word' id='word_1_157' title='bbox 971 1659 1043 1698; x_wconf 87' lang='lat' dir='ltr'>nisi</span> <span class='ocrx_word' id='word_1_158' title='bbox 1072 1659 1164 1698; x_wconf 92' lang='lat' dir='ltr'>huic</span> <span class='ocrx_word' id='word_1_159' title='bbox 1186 1660 1285 1698; x_wconf 88' lang='lat' dir='ltr'>uerri</span> <span class='ocrx_word' id='word_1_160' title='bbox 1309 1661 1483 1698; x_wconf 86' lang='lat' dir='ltr'>adfertur</span> <span class='ocrx_word' id='word_1_161' title='bbox 1505 1672 1544 1705; x_wconf 87' lang='lat'>70</span> 
     </span>
    </p>
   </div>
   <div class='ocr_carea' id='block_1_10' title="bbox 21 1739 1483 1982">
    <p class='ocr_par' dir='ltr' id='par_1_14' title="bbox 21 1739 1483 1982">
     <span class='ocr_line' id='line_1_24' title="bbox 1319 1739 1480 1773; baseline 0.006 -10"><span class='ocrx_word' id='word_1_162' title='bbox 1319 1739 1480 1773; x_wconf 85' lang='lat' dir='ltr'>merces,</span> 
     </span>
     <span class='ocr_line' id='line_1_25' title="bbox 21 1783 1478 1858; baseline -0.003 -23"><span class='ocrx_word' id='word_1_163' title='bbox 21 1783 127 1858; x_wconf 56' lang='grc' dir='ltr'>1Γὲἕὲ</span> <span class='ocrx_word' id='word_1_164' title='bbox 146 1809 227 1835; x_wconf 87' lang='lat' dir='ltr'>non</span> <span class='ocrx_word' id='word_1_165' title='bbox 249 1795 314 1834; x_wconf 87' lang='lat' dir='ltr'>hic</span> <span class='ocrx_word' id='word_1_166' title='bbox 334 1808 406 1833; x_wconf 89' lang='lat' dir='ltr'>suo</span> <span class='ocrx_word' id='word_1_167' title='bbox 434 1793 602 1833; x_wconf 88' lang='lat' dir='ltr'>seminio</span> <span class='ocrx_word' id='word_1_168' title='bbox 630 1806 872 1844; x_wconf 87' lang='lat' dir='ltr'>quemquam</span> <span class='ocrx_word' id='word_1_169' title='bbox 902 1793 1158 1842; x_wconf 83' lang='lat' dir='ltr'>proculenam</span> <span class='ocrx_word' id='word_1_170' title='bbox 1184 1791 1478 1841; x_wconf 87' lang='lat' dir='ltr'>impertiturust.</span> 
     </span>
     <span class='ocr_line' id='line_1_26' title="bbox 145 1895 1483 1938; baseline -0.002 -8"><span class='ocrx_word' id='word_1_171' title='bbox 145 1911 212 1932; x_wconf 87' lang='lat' dir='ltr'>om.</span> <span class='ocrx_word' id='word_1_172' title='bbox 241 1899 283 1938; x_wconf 80' lang='lat' dir='ltr'>C)</span> <span class='ocrx_word' id='word_1_173' title='bbox 448 1899 514 1930; x_wconf 86' lang='lat' dir='ltr'>illic</span> <span class='ocrx_word' id='word_1_174' title='bbox 541 1909 594 1929; x_wconf 91' lang='lat' dir='ltr'>me</span> <span class='ocrx_word' id='word_1_175' title='bbox 619 1898 686 1929; x_wconf 88' lang='lat' dir='ltr'>illic</span> <span class='ocrx_word' id='word_1_176' title='bbox 698 1897 784 1930; x_wconf 86' lang='lat' dir='ltr'>cod.:</span> <span class='ocrx_word' id='word_1_177' title='bbox 820 1897 917 1928; x_wconf 83' lang='lat' dir='ltr'>illaec</span> <span class='ocrx_word' id='word_1_178' title='bbox 945 1906 998 1926; x_wconf 89' lang='lat' dir='ltr'>me</span> <span class='ocrx_word' id='word_1_179' title='bbox 1025 1896 1074 1927; x_wconf 88' lang='lat' dir='ltr'>sie</span> <span class='ocrx_word' id='word_1_180' title='bbox 1095 1895 1223 1926; x_wconf 65' lang='lat' dir='ltr'>Ritschl</span> <span class='ocrx_word' id='word_1_181' title='bbox 1380 1896 1483 1927; x_wconf 86' lang='lat' dir='ltr'>insert</span> 
     </span>
     <span class='ocr_line' id='line_1_27' title="bbox 145 1939 1481 1982; baseline -0.004 -7"><span class='ocrx_word' id='word_1_182' title='bbox 145 1944 343 1975; x_wconf 83' lang='lat' dir='ltr'>Acidalius:</span> <span class='ocrx_word' id='word_1_183' title='bbox 376 1943 499 1974; x_wconf 83' lang='lat' dir='ltr'>inserat</span> <span class='ocrx_word' id='word_1_184' title='bbox 525 1942 589 1973; x_wconf 82' lang='lat' dir='ltr'><em>cod.</em></span> <span class='ocrx_word' id='word_1_185' title='bbox 612 1943 648 1982; x_wconf 84' lang='lat' dir='ltr'>(i,</span> <span class='ocrx_word' id='word_1_186' title='bbox 675 1941 711 1981; x_wconf 45' lang='lat'>95</span> <span class='ocrx_word' id='word_1_187' title='bbox 873 1941 956 1978; x_wconf 79' lang='lat'>1046</span> <span class='ocrx_word' id='word_1_188' title='bbox 980 1940 1076 1970; x_wconf 84' lang='lat' dir='ltr'>illaec</span> <span class='ocrx_word' id='word_1_189' title='bbox 1106 1939 1265 1979; x_wconf 73' lang='lat' dir='ltr'>Pylades:</span> <span class='ocrx_word' id='word_1_190' title='bbox 1298 1939 1366 1970; x_wconf 85' lang='lat' dir='ltr'>illic</span> <span class='ocrx_word' id='word_1_191' title='bbox 1390 1939 1454 1970; x_wconf 80' lang='lat' dir='ltr'>cod.</span> <span class='ocrx_word' id='word_1_192' title='bbox 1474 1951 1481 1970; x_wconf 75' lang='lat' dir='ltr'>z</span> 
     </span>
    </p>
   </div>
   <div class='ocr_carea' id='block_1_11' title="bbox 146 1983 1483 2332">
    <p class='ocr_par' dir='ltr' id='par_1_15' title="bbox 146 1983 1483 2332">
     <span class='ocr_line' id='line_1_28' title="bbox 147 1983 1481 2028; baseline -0.004 -9"><span class='ocrx_word' id='word_1_193' title='bbox 147 1988 236 2019; x_wconf 82' lang='lat' dir='ltr'>illinc</span> <span class='ocrx_word' id='word_1_194' title='bbox 251 1987 388 2028; x_wconf 84' lang='lat' dir='ltr'>Seyffert</span> <span class='ocrx_word' id='word_1_195' title='bbox 461 1987 531 2017; x_wconf 83' lang='lat' dir='ltr'>dixi</span> <span class='ocrx_word' id='word_1_196' title='bbox 549 1985 624 2018; x_wconf 82' lang='lat' dir='ltr'>add.</span> <span class='ocrx_word' id='word_1_197' title='bbox 645 1986 723 2016; x_wconf 62' lang='lat' dir='ltr'>Reiz</span> <span class='ocrx_word' id='word_1_198' title='bbox 814 1994 893 2024; x_wconf 89' lang='lat'>1047</span> <span class='ocrx_word' id='word_1_199' title='bbox 912 1995 1010 2024; x_wconf 82' lang='lat' dir='ltr'>quam</span> <span class='ocrx_word' id='word_1_200' title='bbox 1029 1983 1061 2014; x_wconf 91' lang='grc' dir='ltr'><em>Β</em></span> <span class='ocrx_word' id='word_1_201' title='bbox 1076 1983 1144 2022; x_wconf 56' lang='lat' dir='ltr'>(vii.</span> <span class='ocrx_word' id='word_1_202' title='bbox 1164 1983 1212 2024; x_wconf 76' lang='lat'>4),</span> <span class='ocrx_word' id='word_1_203' title='bbox 1233 1983 1319 2013; x_wconf 82' lang='lat' dir='ltr'>unde</span> <span class='ocrx_word' id='word_1_204' title='bbox 1335 1994 1481 2022; x_wconf 80' lang='lat' dir='ltr'>quanam</span> 
     </span>
     <span class='ocr_line' id='line_1_29' title="bbox 148 2027 1483 2070; baseline -0.004 -7"><span class='ocrx_word' id='word_1_205' title='bbox 148 2031 373 2069; x_wconf 70' lang='lat' dir='ltr'>Camerarius,</span> <span class='ocrx_word' id='word_1_206' title='bbox 390 2031 443 2062; x_wconf 85' lang='lat' dir='ltr'>cui</span> <span class='ocrx_word' id='word_1_207' title='bbox 458 2041 524 2070; x_wconf 89' lang='lat' dir='ltr'>qua</span> <span class='ocrx_word' id='word_1_208' title='bbox 545 2030 549 2069; x_wconf 83' lang='grc' dir='ltr'>Ι</span> <span class='ocrx_word' id='word_1_209' title='bbox 569 2031 611 2061; x_wconf 86' lang='lat' dir='ltr'>ab</span> <span class='ocrx_word' id='word_1_210' title='bbox 624 2029 763 2070; x_wconf 72' lang='lat' dir='ltr'>displicet</span> <span class='ocrx_word' id='word_1_211' title='bbox 848 2038 931 2068; x_wconf 87' lang='lat'>1049</span> <span class='ocrx_word' id='word_1_212' title='bbox 945 2029 1026 2068; x_wconf 77' lang='lat' dir='ltr'>sort.</span> <span class='ocrx_word' id='word_1_213' title='bbox 1044 2027 1191 2058; x_wconf 84' lang='lat' dir='ltr'>anellum</span> <span class='ocrx_word' id='word_1_214' title='bbox 1252 2028 1293 2057; x_wconf 83' lang='lat' dir='ltr'>ab</span> <span class='ocrx_word' id='word_1_215' title='bbox 1305 2028 1351 2058; x_wconf 88' lang='lat' dir='ltr'>tui</span> <span class='ocrx_word' id='word_1_216' title='bbox 1364 2038 1430 2058; x_wconf 87' lang='lat' dir='ltr'>om.</span> <span class='ocrx_word' id='word_1_217' title='bbox 1451 2027 1483 2057; x_wconf 89' lang='grc' dir='ltr'><em>Β</em></span> 
     </span>
     <span class='ocr_line' id='line_1_30' title="bbox 146 2071 1480 2116; baseline -0.003 -10"><span class='ocrx_word' id='word_1_218' title='bbox 146 2076 316 2116; x_wconf 87' lang='lat' dir='ltr'>cupientis</span> <span class='ocrx_word' id='word_1_219' title='bbox 332 2074 398 2106; x_wconf 84' lang='lat' dir='ltr'>cod.</span> <span class='ocrx_word' id='word_1_220' title='bbox 502 2075 566 2105; x_wconf 87' lang='lat' dir='ltr'>huc</span> <span class='ocrx_word' id='word_1_221' title='bbox 587 2073 662 2104; x_wconf 80' lang='lat' dir='ltr'>pet&gt;</span> <span class='ocrx_word' id='word_1_222' title='bbox 677 2085 683 2103; x_wconf 95' lang='lat'>:</span> <span class='ocrx_word' id='word_1_223' title='bbox 717 2073 766 2104; x_wconf 83' lang='lat' dir='ltr'>vel</span> <span class='ocrx_word' id='word_1_224' title='bbox 781 2073 879 2103; x_wconf 76' lang='lat' dir='ltr'>hrrfc:</span> <span class='ocrx_word' id='word_1_225' title='bbox 905 2083 949 2102; x_wconf 83' lang='lat' dir='ltr'>an</span> <span class='ocrx_word' id='word_1_226' title='bbox 967 2072 1030 2102; x_wconf 88' lang='lat' dir='ltr'>huc</span> <span class='ocrx_word' id='word_1_227' title='bbox 1048 2071 1148 2102; x_wconf 78' lang='lat' dir='ltr'>huic?</span> <span class='ocrx_word' id='word_1_228' title='bbox 1257 2071 1312 2101; x_wconf 89' lang='lat' dir='ltr'>hic</span> <span class='ocrx_word' id='word_1_229' title='bbox 1332 2072 1372 2101; x_wconf 89' lang='lat' dir='ltr'>ad</span> <span class='ocrx_word' id='word_1_230' title='bbox 1396 2076 1429 2101; x_wconf 79' lang='lat' dir='ltr'>te</span> <span class='ocrx_word' id='word_1_231' title='bbox 1447 2082 1480 2111; x_wconf 88' lang='lat' dir='ltr'>p.</span> 
     </span>
     <span class='ocr_line' id='line_1_31' title="bbox 146 2114 1479 2158; baseline -0.003 -8"><span class='ocrx_word' id='word_1_232' title='bbox 146 2119 290 2150; x_wconf 80' lang='lat' dir='ltr'>Ritschl:</span> <span class='ocrx_word' id='word_1_233' title='bbox 312 2119 389 2150; x_wconf 86' lang='lat' dir='ltr'>huic</span> <span class='ocrx_word' id='word_1_234' title='bbox 409 2121 491 2157; x_wconf 74' lang='lat' dir='ltr'>(om.</span> <span class='ocrx_word' id='word_1_235' title='bbox 511 2118 556 2156; x_wconf 89' lang='grc' dir='ltr'>Β)</span> <span class='ocrx_word' id='word_1_236' title='bbox 577 2128 607 2158; x_wconf 90' lang='lat' dir='ltr'>p.</span> <span class='ocrx_word' id='word_1_237' title='bbox 623 2117 690 2148; x_wconf 86' lang='lat' dir='ltr'>cod.</span> <span class='ocrx_word' id='word_1_238' title='bbox 708 2118 821 2155; x_wconf 80' lang='lat' dir='ltr'>(etiam</span> <span class='ocrx_word' id='word_1_239' title='bbox 838 2127 868 2147; x_wconf 89' lang='lat' dir='ltr'>v.</span> <span class='ocrx_word' id='word_1_240' title='bbox 888 2118 970 2154; x_wconf 77' lang='lat'>1046</span> <span class='ocrx_word' id='word_1_241' title='bbox 987 2117 1020 2146; x_wconf 76' lang='lat' dir='ltr'>in</span> <span class='ocrx_word' id='word_1_242' title='bbox 1037 2116 1109 2155; x_wconf 82' lang='lat' dir='ltr'>fine</span> <span class='ocrx_word' id='word_1_243' title='bbox 1126 2125 1266 2145; x_wconf 82' lang='lat' dir='ltr'>mancus</span> <span class='ocrx_word' id='word_1_244' title='bbox 1278 2117 1335 2144; x_wconf 51' lang='lat' dir='ltr'>cst*</span> <span class='ocrx_word' id='word_1_245' title='bbox 1350 2115 1403 2144; x_wconf 88' lang='lat' dir='ltr'>hic</span> <span class='ocrx_word' id='word_1_246' title='bbox 1416 2114 1479 2156; x_wconf 88' lang='lat' dir='ltr'>(ad</span> 
     </span>
     <span class='ocr_line' id='line_1_32' title="bbox 146 2158 1480 2206; baseline -0.004 -12"><span class='ocrx_word' id='word_1_247' title='bbox 146 2169 180 2194; x_wconf 84' lang='lat' dir='ltr'>te</span> <span class='ocrx_word' id='word_1_248' title='bbox 204 2161 345 2206; x_wconf 87' lang='lat' dir='ltr'>detulit)</span> <span class='ocrx_word' id='word_1_249' title='bbox 362 2173 394 2203; x_wconf 89' lang='lat' dir='ltr'>p.</span> <span class='ocrx_word' id='word_1_250' title='bbox 411 2161 538 2193; x_wconf 73' lang='lat' dir='ltr'>Sclzoell</span> <span class='ocrx_word' id='word_1_251' title='bbox 651 2170 735 2200; x_wconf 86' lang='lat'>1050</span> <span class='ocrx_word' id='word_1_252' title='bbox 759 2166 794 2191; x_wconf 85' lang='lat' dir='ltr'>ut</span> <span class='ocrx_word' id='word_1_253' title='bbox 811 2160 868 2200; x_wconf 86' lang='lat' dir='ltr'>qui</span> <span class='ocrx_word' id='word_1_254' title='bbox 886 2159 952 2190; x_wconf 88' lang='lat' dir='ltr'>cod.</span> <span class='ocrx_word' id='word_1_255' title='bbox 1070 2169 1148 2198; x_wconf 84' lang='lat'>1051</span> <span class='ocrx_word' id='word_1_256' title='bbox 1178 2159 1262 2189; x_wconf 90' lang='lat' dir='ltr'>uiuit</span> <span class='ocrx_word' id='word_1_257' title='bbox 1280 2158 1384 2189; x_wconf 76' lang='lat' dir='ltr'>Pius:</span> <span class='ocrx_word' id='word_1_258' title='bbox 1409 2160 1480 2189; x_wconf 82' lang='lat' dir='ltr'>uult</span> 
     </span>
     <span class='ocr_line' id='line_1_33' title="bbox 147 2203 1482 2243; baseline -0.005 -4"><span class='ocrx_word' id='word_1_259' title='bbox 147 2207 213 2239; x_wconf 82' lang='lat' dir='ltr'>cod.</span> <span class='ocrx_word' id='word_1_260' title='bbox 313 2217 375 2238; x_wconf 91' lang='lat' dir='ltr'>nec</span> <span class='ocrx_word' id='word_1_261' title='bbox 399 2206 453 2237; x_wconf 87' lang='lat' dir='ltr'>B:</span> <span class='ocrx_word' id='word_1_262' title='bbox 483 2206 533 2236; x_wconf 79' lang='lat' dir='ltr'>vel</span> <span class='ocrx_word' id='word_1_263' title='bbox 555 2206 652 2236; x_wconf 78' lang='lat' dir='ltr'>necn&#39;</span> <span class='ocrx_word' id='word_1_264' title='bbox 805 2214 887 2243; x_wconf 84' lang='lat'>1054</span> <span class='ocrx_word' id='word_1_265' title='bbox 913 2214 976 2242; x_wconf 85' lang='lat' dir='ltr'>age</span> <span class='ocrx_word' id='word_1_266' title='bbox 999 2207 1088 2233; x_wconf 80' lang='lat' dir='ltr'>extra</span> <span class='ocrx_word' id='word_1_267' title='bbox 1114 2213 1244 2233; x_wconf 82' lang='lat' dir='ltr'>versum</span> <span class='ocrx_word' id='word_1_268' title='bbox 1264 2203 1371 2242; x_wconf 80' lang='lat' dir='ltr'>posui,</span> <span class='ocrx_word' id='word_1_269' title='bbox 1400 2213 1482 2233; x_wconf 86' lang='lat' dir='ltr'>nam</span> 
     </span>
     <span class='ocr_line' id='line_1_34' title="bbox 150 2244 1482 2290; baseline -0.004 -8"><span class='ocrx_word' id='word_1_270' title='bbox 150 2244 302 2282; x_wconf 37' lang='lat' dir='ltr'>achilles</span> <span class='ocrx_word' id='word_1_271' title='bbox 324 2249 577 2290; x_wconf 54' lang='lat' dir='ltr'>vrit-serendum,</span> <span class='ocrx_word' id='word_1_272' title='bbox 590 2258 691 2288; x_wconf 77' lang='lat' dir='ltr'>neque</span> <span class='ocrx_word' id='word_1_273' title='bbox 709 2248 767 2278; x_wconf 74' lang='lat' dir='ltr'>flat</span> <span class='ocrx_word' id='word_1_274' title='bbox 782 2247 901 2288; x_wconf 81' lang='lat' dir='ltr'>placet:</span> <span class='ocrx_word' id='word_1_275' title='bbox 922 2247 964 2277; x_wconf 84' lang='lat' dir='ltr'>mi</span> <span class='ocrx_word' id='word_1_276' title='bbox 982 2246 1067 2277; x_wconf 84' lang='lat' dir='ltr'>Ach.</span> <span class='ocrx_word' id='word_1_277' title='bbox 1085 2250 1115 2276; x_wconf 74' lang='lat' dir='ltr'>et</span> <span class='ocrx_word' id='word_1_278' title='bbox 1123 2257 1169 2285; x_wconf 85' lang='lat' dir='ltr'>sq.</span> <span class='ocrx_word' id='word_1_279' title='bbox 1191 2257 1219 2277; x_wconf 85' lang='lat' dir='ltr'>v.</span> <span class='ocrx_word' id='word_1_280' title='bbox 1238 2257 1303 2286; x_wconf 86' lang='lat' dir='ltr'>age</span> <span class='ocrx_word' id='word_1_281' title='bbox 1320 2256 1482 2286; x_wconf 81' lang='lat' dir='ltr'>exprome</span> 
     </span>
     <span class='ocr_line' id='line_1_35' title="bbox 149 2289 1483 2332; baseline -0.004 -6"><span class='ocrx_word' id='word_1_282' title='bbox 149 2295 322 2326; x_wconf 80' lang='lat' dir='ltr'>Fleckeisen</span> <span class='ocrx_word' id='word_1_283' title='bbox 428 2293 498 2324; x_wconf 84' lang='lat' dir='ltr'>fuat</span> <span class='ocrx_word' id='word_1_284' title='bbox 512 2294 551 2332; x_wconf 71' lang='grc' dir='ltr'>(ἒ)</span> <span class='ocrx_word' id='word_1_285' title='bbox 571 2293 635 2323; x_wconf 85' lang='lat' dir='ltr'>Leo</span> <span class='ocrx_word' id='word_1_286' title='bbox 714 2292 796 2332; x_wconf 60' lang='lat' dir='ltr'>fori.</span> <span class='ocrx_word' id='word_1_287' title='bbox 817 2291 906 2331; x_wconf 87' lang='lat' dir='ltr'>quod</span> <span class='ocrx_word' id='word_1_288' title='bbox 923 2289 1044 2321; x_wconf 80' lang='lat' dir='ltr'>delend.</span> <span class='ocrx_word' id='word_1_289' title='bbox 1153 2290 1312 2330; x_wconf 77' lang='lat' dir='ltr'>pulchre]</span> <span class='ocrx_word' id='word_1_290' title='bbox 1341 2290 1483 2330; x_wconf 83' lang='lat' dir='ltr'>pulcher</span> 
     </span>
    </p>
   </div>
   <div class='ocr_carea' id='block_1_12' title="bbox 148 2333 1483 2465">
    <p class='ocr_par' dir='ltr' id='par_1_16' title="bbox 148 2333 1483 2465">
     <span class='ocr_line' id='line_1_36' title="bbox 148 2333 1483 2376; baseline -0.004 -7"><span class='ocrx_word' id='word_1_291' title='bbox 148 2339 231 2369; x_wconf 77' lang='lat' dir='ltr'>Pius</span> <span class='ocrx_word' id='word_1_292' title='bbox 379 2347 461 2376; x_wconf 85' lang='grc'>1055</span> <span class='ocrx_word' id='word_1_293' title='bbox 485 2337 643 2376; x_wconf 86' lang='lat' dir='ltr'>urbicape</span> <span class='ocrx_word' id='word_1_294' title='bbox 662 2335 882 2374; x_wconf 80' lang='lat' dir='ltr'>Camerarius,</span> <span class='ocrx_word' id='word_1_295' title='bbox 901 2335 1000 2365; x_wconf 79' lang='lat' dir='ltr'>etiam</span> <span class='ocrx_word' id='word_1_296' title='bbox 1014 2333 1079 2363; x_wconf 81' lang='lat' dir='ltr'>cod.</span> <span class='ocrx_word' id='word_1_297' title='bbox 1105 2337 1139 2363; x_wconf 87' lang='lat' dir='ltr'>u!</span> <span class='ocrx_word' id='word_1_298' title='bbox 1154 2333 1216 2364; x_wconf 69' lang='lat' dir='ltr'><em>vid.</em></span> <span class='ocrx_word' id='word_1_299' title='bbox 1240 2347 1245 2367; x_wconf 56' lang='grc' dir='ltr'>χ</span> <span class='ocrx_word' id='word_1_300' title='bbox 1255 2334 1308 2363; x_wconf 88' lang='lat' dir='ltr'>ubi</span> <span class='ocrx_word' id='word_1_301' title='bbox 1330 2344 1413 2373; x_wconf 85' lang='lat' dir='ltr'>cape</span> <span class='ocrx_word' id='word_1_302' title='bbox 1430 2333 1461 2364; x_wconf 86' lang='grc' dir='ltr'><em>Β</em></span> <span class='ocrx_word' id='word_1_303' title='bbox 1476 2346 1483 2364; x_wconf 89' lang='lat'>:</span> 
     </span>
     <span class='ocr_line' id='line_1_37' title="bbox 150 2377 1481 2424; baseline -0.005 -11"><span class='ocrx_word' id='word_1_304' title='bbox 150 2382 408 2424; x_wconf 82' lang='lat' dir='ltr'>[ini]uirbicape</span> <span class='ocrx_word' id='word_1_305' title='bbox 425 2380 513 2419; x_wconf 77' lang='lat' dir='ltr'><em>PCD)</em></span> <span class='ocrx_word' id='word_1_306' title='bbox 533 2380 596 2419; x_wconf 89' lang='lat' dir='ltr'>(ini</span> <span class='ocrx_word' id='word_1_307' title='bbox 609 2386 671 2421; x_wconf 79' lang='lat' dir='ltr'>pro</span> <span class='ocrx_word' id='word_1_308' title='bbox 691 2380 722 2409; x_wconf 91' lang='lat' dir='ltr'>ui</span> <span class='ocrx_word' id='word_1_309' title='bbox 739 2390 746 2417; x_wconf 88' lang='lat'>;</span> <span class='ocrx_word' id='word_1_310' title='bbox 770 2379 811 2409; x_wconf 84' lang='lat' dir='ltr'>iv.</span> <span class='ocrx_word' id='word_1_311' title='bbox 829 2382 864 2417; x_wconf 49' lang='lat'>3³</span> <span class='ocrx_word' id='word_1_312' title='bbox 1015 2378 1098 2416; x_wconf 85' lang='lat'>1058</span> <span class='ocrx_word' id='word_1_313' title='bbox 1123 2378 1212 2408; x_wconf 86' lang='lat' dir='ltr'>uerri</span> <span class='ocrx_word' id='word_1_314' title='bbox 1231 2378 1372 2408; x_wconf 84' lang='lat' dir='ltr'>affertur</span> <span class='ocrx_word' id='word_1_315' title='bbox 1387 2377 1481 2408; x_wconf 54' lang='lat' dir='ltr'>Pris-</span> 
     </span>
     <span class='ocr_line' id='line_1_38' title="bbox 150 2420 1482 2465; baseline -0.004 -9"><span class='ocrx_word' id='word_1_316' title='bbox 150 2427 265 2457; x_wconf 76' lang='lat' dir='ltr'>cianus</span> <span class='ocrx_word' id='word_1_317' title='bbox 291 2436 316 2463; x_wconf 84' lang='grc'>1,</span> <span class='ocrx_word' id='word_1_318' title='bbox 341 2435 421 2465; x_wconf 84' lang='lat'>149:</span> <span class='ocrx_word' id='word_1_319' title='bbox 455 2425 604 2455; x_wconf 87' lang='lat' dir='ltr'>uerriant</span> <span class='ocrx_word' id='word_1_320' title='bbox 624 2423 732 2453; x_wconf 83' lang='lat' dir='ltr'>fertur</span> <span class='ocrx_word' id='word_1_321' title='bbox 752 2421 816 2453; x_wconf 88' lang='lat' dir='ltr'>cod.</span> <span class='ocrx_word' id='word_1_322' title='bbox 846 2424 922 2462; x_wconf 78' lang='lat' dir='ltr'>(pro</span> <span class='ocrx_word' id='word_1_323' title='bbox 946 2432 976 2450; x_wconf 92' lang='lat' dir='ltr'>u.</span> <span class='ocrx_word' id='word_1_324' title='bbox 1002 2420 1075 2451; x_wconf 52' lang='lat' dir='ltr'>atsA</span> <span class='ocrx_word' id='word_1_325' title='bbox 1212 2423 1297 2452; x_wconf 85' lang='lat'>1060</span> <span class='ocrx_word' id='word_1_326' title='bbox 1322 2421 1482 2460; x_wconf 83' lang='lat' dir='ltr'>porculae</span> 
     </span>
    </p>
   </div>
   <div class='ocr_carea' id='block_1_13' title="bbox 152 2463 1279 2510">
    <p class='ocr_par' dir='ltr' id='par_1_17' title="bbox 152 2463 1279 2510">
     <span class='ocr_line' id='line_1_39' title="bbox 152 2463 1279 2510; baseline -0.006 -10"><span class='ocrx_word' id='word_1_327' title='bbox 152 2480 228 2503; x_wconf 85' lang='lat' dir='ltr'>narn</span> <span class='ocrx_word' id='word_1_328' title='bbox 245 2468 331 2503; x_wconf 85' lang='lat' dir='ltr'>codd.</span> <span class='ocrx_word' id='word_1_329' title='bbox 352 2468 536 2502; x_wconf 60' lang='lat' dir='ltr'>Prisciani:</span> <span class='ocrx_word' id='word_1_330' title='bbox 561 2466 730 2510; x_wconf 83' lang='lat' dir='ltr'>proculern</span> <span class='ocrx_word' id='word_1_331' title='bbox 749 2465 813 2496; x_wconf 80' lang='lat' dir='ltr'>cod.</span> <span class='ocrx_word' id='word_1_332' title='bbox 840 2466 886 2506; x_wconf 67' lang='lat' dir='ltr'>‘cf</span> <span class='ocrx_word' id='word_1_333' title='bbox 910 2465 1012 2495; x_wconf 75' lang='lat' dir='ltr'>class.</span> <span class='ocrx_word' id='word_1_334' title='bbox 1035 2463 1108 2496; x_wconf 67' lang='lat' dir='ltr'>Rev.</span> <span class='ocrx_word' id='word_1_335' title='bbox 1134 2474 1181 2497; x_wconf 77' lang='grc' dir='ltr'>ιο,</span> <span class='ocrx_word' id='word_1_336' title='bbox 1201 2468 1279 2504; x_wconf 74' lang='lat'><strong>333)</strong></span> 
     </span>
    </p>
   </div>
  </div>
 </body>
</html>
