1747 2740
521 184 693 224 MILES
726 185 1041 224 GLORIOSVS
1374 183 1450 223 III.
1474 185 1519 222 iii

114 294 227 349 (noui
249 297 424 336 indolem
446 295 567 335 nostri
590 295 751 345 ingeni),
775 295 854 333 cito
876 294 946 333 crit
968 303 1102 345 parata
1123 295 1248 333 nauis.

115 365 183 401 ΡΑ.
216 364 346 413 nemp’
382 369 423 400 tu
463 361 608 399 nouisti
645 360 809 398 militem
845 374 978 399 mcum
1014 362 1154 399 erum?
1213 363 1283 399 Ac.
1317 374 1450 410 rogare

1258 426 1446 464 mirumst.

114 492 250 545 populi
271 491 408 531 odium
430 491 569 542 quidni
591 491 780 538 nouerim,
806 490 1085 541 magnidicum,
1110 491 1392 538 cincinnatum,

114 559 327 598 moechum
365 559 683 608 unguentatum?
752 559 820 594 ΡΑ.
863 570 958 594 num
998 556 1062 595 ille
1102 564 1139 595 te
1179 570 1270 595 nam
1309 556 1450 594 nouit?
1470 568 1510 598 50

977 624 1049 660 AC.
1083 636 1300 672 numquam
1327 622 1448 660 uidit:

27 701 92 739 925
113 688 180 740 qui
201 688 355 728 nouerit
377 703 440 728 me
461 687 548 739 quis
570 701 642 738 ego
665 687 768 726 sim?
827 689 898 725 ΡΑ.
930 687 1037 725 nimi'
1059 687 1189 737 lepide
1211 688 1409 734 fabulareJ

112 768 160 793 eo
181 762 274 804 pote
294 754 409 793 fuerit
429 753 598 804 lepidius
621 754 686 803 pol
709 752 801 791 fieri.
862 755 934 791 Ac.
968 752 1079 803 potin
1101 760 1143 791 ut
1164 752 1366 791 hominem

113 819 208 857 mihi
229 821 309 867 des,
327 819 513 870 >quiescas
535 819 693 857 cetera?
723 818 763 856 ni
785 818 986 856 ludificata
1007 818 1138 868 lepide

112 899 189 932 ero,
213 887 369 936 culpam
400 899 561 924 omnem
591 884 631 923 in
653 898 716 923 me
747 883 955 935 imponito.
1015 886 1084 922 ΡΑ.
1117 897 1188 934 age
1210 883 1323 934 igitur
1348 884 1449 923 intro

1330 949 1447 997 abite,

111 1015 276 1054 insistite
296 1017 373 1055 hoc
394 1015 598 1066 negotium
619 1015 825 1066 sapienter.
886 1017 958 1053 AC.
991 1015 1066 1053 alia
1086 1028 1189 1053 cura.
1471 1047 1479 1054 .

23 1095 92 1130 930
112 1082 180 1119 PA.
212 1094 299 1130 age,
327 1081 678 1131 Periplectomene,
718 1082 787 1119 has
817 1080 1004 1118 nunciam
1033 1081 1110 1119 duc
1138 1080 1264 1128 intro3
1299 1094 1372 1131 ego
1399 1082 1449 1119 ad

1190 1148 1316 1184 forum
1339 1147 1448 1185 illum

109 1212 345 1251 conueniam
366 1220 485 1263 atque
506 1212 560 1250 illi
582 1214 688 1250 hunc
709 1214 871 1251 anulum
894 1213 1000 1251 dabo
1021 1220 1139 1262 atque
1161 1212 1398 1263 praedicabo

109 1291 133 1316 a
153 1280 219 1316 ttia
238 1278 358 1317 uxore
378 1278 475 1316 mihi
495 1280 633 1317 datum
655 1292 741 1317 esse
762 1292 930 1328 eamque
952 1280 1060 1316 illum
1082 1277 1284 1328 deperire3

110 1343 212 1381 hanc
232 1343 283 1381 ad
304 1357 387 1390 nos,
411 1357 533 1394 quom
555 1345 754 1394 extemplo
774 1357 797 1381 a
818 1345 902 1382 foro
924 1343 1140 1390 ueniemus,
1166 1343 1362 1383 mittitote.

110 1407 221 1458 quasi
238 1410 461 1447 clanculum
478 1410 529 1447 ad
541 1407 669 1461 (eum)
682 1409 801 1447 missa
817 1409 874 1447 sit.
911 1411 978 1447 PE.
1003 1409 1191 1448 faciemus
1209 1425 1215 1448 :
1245 1410 1319 1448 alia
1340 1424 1442 1449 cura.
1465 1416 1506 1446 60

23 1481 88 1518 935
111 1475 179 1511 ΡΛ.
212 1487 284 1513 uos
314 1476 437 1513 modo
466 1482 609 1522 curate,
634 1488 706 1525 ego
737 1474 847 1513 illtim
878 1475 1002 1525 probe
1030 1475 1106 1513 iam
1135 1483 1340 1514 oneratum
1370 1478 1446 1515 huc

1216 1541 1447 1580 acciebo.——-

110 1607 181 1644 PE.
212 1605 314 1644 bene
334 1606 506 1654 ambula,
529 1606 631 1646 bene
653 1620 734 1646 rem
757 1620 877 1657 geras.
951 1620 1077 1656 egone
1104 1607 1181 1645 hoc
1208 1607 1238 1645 si
1267 1607 1441 1646 ecficiam

1318 1675 1443 1724 plane,

110 1744 152 1775 ut
173 1737 439 1776 concubinam
461 1738 593 1776 militis
615 1753 726 1777 meus
748 1740 892 1789 hospes
915 1739 1058 1776 habeat
1079 1738 1199 1777 hodie

110 1810 228 1852 atque
250 1803 342 1841 hinc
365 1805 542 1842 Athenas
563 1805 717 1851 auehat,
740 1803 808 1856 <si>
824 1803 943 1843 hodic
965 1805 1071 1842 hunc
1093 1805 1228 1842 dolum
1251 1805 1443 1851 dolamus,

0 1877 95 1912 ;9-40
111 1867 207 1917 quid
238 1867 308 1907 tibi
338 1882 411 1918 ego
442 1868 594 1907 mittam
626 1869 821 1908 muneris!
890 1871 961 1907 Ac.
994 1870 1113 1907 datne
1148 1870 1197 1908 ab
1233 1883 1273 1908 se
1309 1870 1446 1909 mulier
1466 1877 1507 1920 ⁶5

1255 1948 1413 1985 operam
1429 1938 1445 1974 Ρ

151 2049 213 2080 923
237 2041 394 2072 nouerint
423 2043 570 2082 (nouerit
598 2042 686 2079 PCD)
715 2043 780 2076 rod.
809 2045 852 2083 (V,
884 2055 915 2083 p.
946 2044 1001 2084 783
1136 2054 1199 2083 924
1227 2043 1282 2073 ille
1306 2047 1339 2073 te
1368 2052 1439 2073 nam

107 2083 231 2115 Bothe:
257 2085 312 2116 illa
335 2090 369 2116 ct
386 2097 505 2116 aenam
526 2087 595 2127 (illa
613 2098 685 2118 eam
710 2088 754 2117 Bi
777 2088 841 2119 cod.
865 2090 937 2128 (pro
958 2088 1033 2118 illae
1055 2092 1108 2118 tac
1131 2098 1205 2118 nam
1219 2088 1244 2117 2³
1379 2096 1442 2125 925

108 2138 180 2157 sum
195 2128 259 2159 cod.
279 2129 373 2168 (corr.
389 2131 432 2162 (fi
532 2133 597 2169 926
622 2137 699 2170 pote
718 2132 816 2162 fucrit
834 2132 967 2172 scrt'pst’:
994 2132 1173 2171 potiuerim
1190 2131 1284 2171 ¹x—riin
1303 2131 1352 2160 vel
1367 2141 1441 2160 -run

109 2170 196 2211 ΡΨ)
214 2172 279 2203 cod.
297 2184 303 2204 :
318 2174 400 2212 fori.
418 2173 547 2217 (opus)
566 2177 711 2214 potuerit
823 2186 884 2214 931
905 2181 1041 2215 atqncm
1060 2176 1124 2205 cod.
1237 2185 1300 2213 932
1325 2180 1355 2205 at
1373 2174 1439 2204 cod.

109 2220 199 2245 esset
217 2216 281 2247 cod.
376 2229 549 2258 eamquam
576 2218 639 2249 cod.
777 2229 838 2257 933
866 2220 951 2249 hanc
977 2221 1017 2249 ad
1040 2219 1137 2249 ltal.:
1170 2220 1231 2249 hac
1258 2224 1291 2249 at
1317 2222 1352 2248 11!
1374 2218 1436 2248 vid,

108 2258 173 2290 cod.
196 2260 272 2290 (hec
297 2262 337 2291 ad
360 2261 398 2299 B,
418 2263 480 2293 hoe
498 2267 531 2293 at
548 2262 590 2302 D,
612 2263 703 2293 haoit
725 2262 769 2302 C)
871 2274 970 2302 quom
992 2263 1224 2293 s'antm'art'us:
1249 2273 1347 2302 quam
1373 2261 1436 2292 cod.

109 2303 265 2334 mittitote
279 2305 380 2336 Botlee
397 2318 402 2336 :
420 2307 544 2336 mittito
559 2306 624 2337 cod.
716 2317 778 2345 934
798 2317 873 2337 eum
886 2306 960 2337 add.
976 2307 1114 2346 vaades
1180 2317 1243 2345 935
1261 2313 1437 2337 oneratum

109 2346 172 2377 linc
197 2347 269 2378 Ital.
290 2360 296 2379 :
335 2357 496 2381 oneratur
521 2352 611 2380 hunc
632 2350 696 2381 cod.
848 2353 913 2388 036
938 2361 1036 2387 goras
1062 2351 1218 2389 Srijffi‘tT:
1254 2356 1347 2389 gerat
1373 2350 1436 2382 cod.

107 2401 170 2430 937
195 2394 383 2424 concubina
395 2394 460 2425 (od.
595 2396 659 2431 938
676 2394 798 2424 anvhat
818 2394 933 2424 Drmsa
951 2406 956 2424 ς
983 2395 1102 2424 habent
1119 2394 1185 2424 sod.
1205 2395 1250 2433 (v.
1271 2405 1317 2425 12.
1332 2406 1361 2433 p.
1384 2396 1437 2433 73‘s

109 2434 140 2507 sil
156 2435 230 2508 (ulid.
255 2436 475 2477 (fannvrarms,
493 2437 652 2467 Gruterus
721 2448 798 2477 939,
816 2449 881 2477 940
906 2438 946 2468 ab
958 2448 994 2468 sc
1008 2438 1081 2468 Ital.
1100 2449 1105 2467 :
1131 2437 1201 2468 absi
1219 2438 1282 2469 cod.
1301 2450 1306 2468 :
1333 2449 1437 2478 capse

109 2486 131 2507 l
144 2479 182 2509 ci(
193 2479 279 2510 alius

1312 2526 1350 2559 4*
