1747 2740
682 137 975 176 POENVLVS
1467 138 1493 175 Ι.
1517 138 1548 174 ii

271 264 400 301 neque
420 263 610 300 umquam
632 256 691 287 sat
711 248 807 287 istae
827 249 929 287 duae
951 261 1010 286 res
1031 255 1218 286 ornantur
1521 264 1538 293 5

73 327 139 364 215
271 330 400 367 neque
421 316 452 354 is
474 317 553 354 ulla
573 315 741 354 ornandi
763 313 854 352 satis
876 313 1033 352 satietas
1054 322 1122 352 cst.

269 389 388 432 atque
408 383 517 428 haec,
541 388 583 419 ut
604 381 754 430 loquor,
779 392 884 417 nunc
905 380 1028 418 domo
1049 380 1167 417 docta
1188 379 1289 418 dico.

269 460 361 485 nam
383 460 455 485 nos
477 459 604 496 usque
623 446 674 484 ab
695 458 833 484 aurora
852 445 903 483 ad
924 445 1001 482 hoc
1022 445 1131 494 quod
1152 444 1230 483 diei
1252 452 1320 491 est,

270 511 499 565 [postquam
522 525 661 550 aurora
682 510 832 558 inluxit,
855 523 1074 560 numquam
1098 507 1485 562 concessa[ui]mus],

267 592 313 617 ex
334 577 526 617 industria
545 577 687 616 ambae
708 589 926 626 numquam
948 588 1227 613 concessamus
1523 588 1560 610 10

72 659 142 684 220
267 642 388 682 lauari
408 650 475 681 aut
496 642 623 681 fricari
643 649 709 680 aut
731 640 868 691 tergeri
888 648 955 679 aut
976 640 1116 687 ornari,

267 708 390 760 poliri,
414 707 591 759 expoliri,
611 706 730 758 pingi,
753 706 845 757 fingi
865 721 874 753 ;
902 714 940 745 et
961 719 1040 745 una

266 774 382 814 binae
404 774 566 825 singulis
588 787 690 824 quae
711 775 826 812 datae
847 771 962 810 nobis
983 771 1164 818 ancillae,

265 854 334 880 eae
355 854 428 880 nos
449 840 632 886 lauando,
657 839 829 878 eluendo
850 850 1010 888 operam
1032 838 1239 884 dederunt,

210 907 516 957 aggerundaque
536 918 640 955 aqua
660 911 751 942 sunt
771 902 844 941 uiri
865 903 946 941 duo
967 901 1121 941 defessi.
1517 916 1556 949 15

70 984 135 1020 ²25
267 982 390 1019 apage
411 969 474 1015 sis,
499 967 630 1018 negoti
653 974 845 1017 quantum
868 965 907 1003 in
929 965 1091 1004 muliere
1115 980 1192 1004 una
1213 974 1283 1005 est.

267 1035 337 1072 sed
358 1046 451 1072 uero
472 1034 586 1080 duae,
609 1040 667 1070 sat
688 1031 781 1079 scio,
805 1044 990 1069 maxumo
1011 1031 1077 1069 uni

267 1100 388 1149 poplo
409 1098 616 1149 quoilubet
637 1098 725 1147 plus
746 1095 839 1134 satis
861 1097 953 1134 dare
975 1095 1078 1145 potis
1101 1104 1202 1143 sunt,

266 1177 368 1213 quae
388 1170 525 1201 noctes
546 1161 712 1212 diesque
733 1160 842 1199 omni
864 1160 904 1199 in
924 1168 1053 1199 aetate
1074 1175 1229 1212 semper

266 1236 468 1275 ornantur,
488 1229 680 1275 lauantur‚
703 1234 912 1278 tergentur,
934 1226 1146 1276 poliuntur.
1513 1244 1554 1266 20

66 1305 134 1341 230
303 1298 504 1342 postremo
525 1291 675 1329 modus·
690 1289 892 1328 muliebris
914 1292 1044 1329 nullus
1066 1299 1136 1330 est.

357 1370 487 1407 neque
507 1369 698 1406 umquam
720 1357 893 1394 lauando
913 1363 951 1394 et
972 1356 1151 1396 fricando

67 1430 132 1472 31³
407 1421 553 1460 scimus
575 1423 702 1460 facere
722 1420 893 1460 neniam.

152 1500 243 1526 nam
274 1500 375 1538 quae
406 1489 511 1525 lauta
540 1494 598 1525 est
629 1485 703 1524 nisi
734 1487 909 1536 perculta
940 1493 1008 1533 est,
1042 1500 1132 1526 meo
1162 1488 1324 1538 quidem
1354 1489 1490 1529 animo

1139 1555 1250 1604 quasi
1272 1555 1395 1593 inluta
1417 1565 1485 1594 cst.

259 1620 392 1657 ANTE.
427 1616 578 1670 miro[r]
601 1617 799 1667 equidem,
824 1630 944 1664 soror,
967 1625 1005 1656 te
1026 1617 1146 1657 istaec
1168 1620 1222 1657 sic
1245 1621 1407 1659 fabulari
1509 1638 1545 1670 25

260 1697 362 1733 quae
382 1691 461 1721 tam
483 1682 624 1721 callida
645 1690 683 1720 et
703 1683 822 1720 docta
842 1682 893 1720 sis
915 1690 953 1720 et
974 1684 1109 1722 faceta.

63 1761 129 1798 ⁰35
259 1762 351 1787 nam
373 1762 494 1799 quom
516 1749 656 1786 scdulo
677 1747 877 1786 munditer
897 1761 969 1786 nos
991 1749 1195 1798 habemus,

192 1863 254 1891 214
280 1858 330 1884 sat
349 1854 433 1883 istae
459 1852 549 1892 Reiz,
576 1851 780 1882 Hermann:
807 1851 889 1882 satis
914 1852 978 1882 hae
1003 1852 1069 1884 cod.
1099 1855 1197 1894 (satis
1221 1855 1276 1884 vix
1288 1855 1486 1897 serendum)

147 1897 210 1927 216
235 1897 335 1927 domo
362 1897 504 1927 Goeller:
545 1896 643 1928 modo
669 1894 735 1926 cod.
912 1898 976 1926 218
999 1907 1132 1926 versum
1157 1903 1283 1937 parum
1309 1900 1485 1940 eleganlmt

147 1941 353 1971 retractarem·
370 1941 518 1971 tribuunt
535 1939 606 1972 edd.
618 1943 694 1981 post
708 1938 902 1970 Acidalinm
917 1952 922 1970 :
936 1940 1018 1979 fort.
1033 1942 1126 1980 prior
1137 1947 1216 1981 pars
1233 1948 1410 1982 postquam
1429 1955 1480 1975 an.

147 1984 203 2016 inl,
222 1984 442 2015 conservanda
460 1984 506 2021 (v.
525 1984 562 2023 4)
696 1993 760 2014 222
785 1984 818 2016 d.
836 1984 980 2014 ancillae
999 1985 1097 2014 nobis
1114 1985 1224 2023 Bothe,
1241 1997 1322 2016 nam
1335 1987 1432 2018 datae
1450 1988 1483 2018 1'11

145 2038 240 2059 versu
263 2028 426 2058 baccln'aco
448 2027 591 2068 displicet
606 2027 652 2068 (ii.
676 2031 730 2067 1):
757 2032 835 2058 sunt
857 2037 884 2058 a.
912 2037 942 2058 n.
967 2027 1047 2058 Reiz
1136 2029 1192 2058 vix
1218 2030 1317 2060 ancil·
1332 2031 1409 2061 ¹-lae
1422 2042 1482 2062 cae

148 2082 209 2103 nos
225 2075 276 2104 etc.
296 2072 376 2112 (per
388 2071 603 2112 synapln'am)
696 2081 759 2110 223
784 2081 844 2101 eae
869 2070 1010 2110 Pylades
1026 2083 1032 2102 :
1057 2082 1096 2102 ca
1113 2072 1177 2103 cod.
1271 2063 1334 2112 22ss
1359 2085 1481 2113 gerun-

148 2116 256 2155 daque
265 2126 320 2155 aq.
334 2114 594 2156 Spengel(iv.3).
610 2118 646 2145 ut
656 2125 770 2145 versus
780 2114 1139 2155 baccl11'ac1esfiat(na111
1152 2118 1414 2156 aggerfindaque
1427 2121 1483 2149 ῖίἶι·

137 2158 333 2198 serendum)
350 2171 356 2190 ι
381 2160 438 2189 vix
453 2169 606 2199 aquaque
624 2159 820 2198 aggerunda
834 2159 923 2197 [cum
938 2160 1017 2195 uiri)
1090 2170 1147 2197 231
1177 2171 1286 2199 neque
1305 2164 1477 2201 umquam]

147 2213 326 2242 numquam
344 2203 445 2233 Bothe
463 2203 630 2242 (infinev.
649 2204 727 2244 230)
746 2214 752 2233 :
768 2203 850 2242 sort.
867 2213 955 2241 quae
974 2204 1016 2235 (v.
1033 2206 1103 2241 230‘
1129 2203 1370 2243 Necumquam‚
1393 2210 1429 2235 u!
1445 2199 1477 2237 vj

146 2257 210 2285 230
226 2248 349 2287 integer
359 2247 610 2285 testumeterfiat
719 2249 799 2285 231²L
820 2247 952 2276 neniam
974 2246 1147 2276 Gruterus:
1175 2248 1285 2277 nniam
1303 2248 1351 2278 vel
1367 2251 1476 2280 eniam

143 2290 209 2320 cod.
304 2300 366 2328 232
390 2300 456 2329 qua
474 2289 605 2320 clauata
624 2287 687 2319 cod.
707 2291 740 2321 (i.
755 2301 778 2321 e.
798 2300 885 2329 quae
904 2291 1030 2320 lauatm
1123 2291 1227 2321 inluta
1240 2291 1476 2324 Camerarius:

144 2334 266 2364 inlusta
291 2333 357 2364 cod.
503 2343 565 2372 233
589 2333 673 2363 miro
708 2333 850 2374 Geppeff.
886 2344 966 2363 nam
996 2338 1092 2364 soror
1124 2335 1156 2364 in
1190 2345 1282 2366 versu
1315 2336 1477 2368 bacclasaco

140 2376 279 2417 displicet
