1747 2740
167 153 236 193 IV.

205 277 243 310 Ι5

202 871 242 893 20

201 1452 239 1484 25

259 154 288 191 ii
490 166 494 169 ·
677 156 723 194 T.
757 155 937 195 MACCI
971 155 1175 194 PLAVTI

317 264 447 302 hercle
468 277 562 302 uero
583 263 660 302 iam
681 263 902 302 adlubescit
923 263 1152 314 primulum,
1174 263 1395 303 Palaestrio.

318 331 385 367 ΡΑ.
419 329 567 380 priu'nc
592 343 711 379 quam
734 329 839 367 illam
867 328 992 367 oculis
1021 328 1221 367 tuis—Pv.
1255 329 1400 368 uideon
1423 329 1462 369 id
1483 331 1591 380 quod
1615 338 1700 375 1005

1353 396 1473 433 credo
1494 395 1595 434 tibi?

314 467 397 498 tum
444 461 541 498 haec
581 461 729 498 celocla
773 467 905 498 autem
953 459 1017 497 illa
1054 467 1219 510 apsente
1257 460 1402 510 subigit
1447 474 1510 499 me
1551 467 1594 499 ut

850 538 992 563 amem.
1054 526 1123 562 ΡΑ.
1157 526 1288 563 hercle
1308 526 1411 563 hanc
1431 525 1593 576 quidem

314 591 411 628 nihil
433 598 473 629 tu
498 589 661 628 amassis
676 604 686 637 ;
717 589 812 628 mihi
834 590 931 628 haec
952 590 1211 639 desponsast:
1242 589 1313 628 tibi
1338 589 1369 628 si
1389 589 1454 628 illa
1474 590 1594 629 hodie

1405 655 1592 707 nupserit,

315 736 389 773 ego
415 724 518 762 hanc
545 722 737 762 continuo
761 736 922 761 uxorem
944 724 1099 762 ducam.
1161 725 1228 761 Pv.
1261 722 1358 773 quid
1379 736 1471 773 ergo
1491 724 1594 762 hanc

1197 788 1356 827 dubitas
1376 788 1594 839 conloqui?

316 856 384 893 ΡΑ.
418 867 582 905 sequere
620 855 695 893 hac
733 867 797 893 me
836 867 937 904 ergo.
999 856 1066 892 ΡΥ.
1105 853 1344 904 pedisequos
1383 853 1454 893 tibi
1492 867 1590 893 sum.

878 921 950 957 Mi.
984 919 1146 966 utinam,
1170 919 1312 970 quoius
1333 932 1471 958 caussa
1490 921 1592 959 foras

313 998 400 1024 sum
421 998 586 1036 egressa,
608 983 742 1037 (eiius)
762 984 1033 1024 conueniundi
1055 984 1151 1022 mihi
1173 992 1347 1035 potestas
1367 993 1520 1024 euenat.
1612 995 1704 1023 1010

261 1113 329 1150 ΡΑ.
363 1111 433 1150 erit
463 1118 501 1150 et
531 1110 601 1150 tibi
631 1118 859 1161 exoptatum
888 1110 1076 1161 optinget‚
1100 1111 1251 1150 bonum
1277 1111 1380 1150 habe
1403 1112 1593 1159 animum,

1332 1191 1382 1216 ne
1403 1177 1570 1216 formida
1584 1192 1595 1226 3

260 1243 383 1281 homo
410 1241 610 1292 quidamst
634 1241 702 1292 qui
734 1241 806 1280 scit
836 1242 944 1292 quod
969 1241 1124 1292 quaeris
1154 1241 1222 1281 ubi
1249 1242 1308 1281 sit.
1370 1243 1442 1281 M1.
1475 1256 1594 1293 quem

1251 1321 1325 1359 ego
1345 1309 1409 1346 hic
1430 1308 1596 1347 audiui?

262 1375 330 1412 ΡΑ.
363 1372 515 1412 socium
536 1380 694 1412 tuorum
715 1372 972 1411 conciliorum
995 1380 1033 1411 et
1054 1372 1284 1423 participem
1306 1373 1573 1412 consiliorum.

263 1441 335 1478 M1.
368 1447 451 1477 tum
473 1440 538 1489 pol
560 1452 633 1488 ego
653 1438 693 1477 id
715 1440 823 1489 quod
844 1440 930 1477 celo
951 1439 1028 1476 hau
1049 1440 1145 1477 celo.
1198 1441 1266 1477 ΡΑ.
1290 1439 1414 1478 immo
1429 1447 1467 1478 et
1487 1441 1591 1479 celas

1312 1513 1350 1543 et
1372 1518 1452 1543 non
1473 1507 1587 1544 celas.

259 1571 332 1608 M1.
365 1583 446 1620 quo
465 1572 727 1620 argumento?
785 1572 853 1608 ΡΑ.
877 1569 1021 1609 infidos
1037 1571 1165 1609 celas:
1195 1583 1269 1621 ego
1285 1583 1372 1609 sum
1389 1570 1459 1610 tibi
1480 1572 1591 1611 firme
1614 1582 1700 1619 1015

1476 1637 1588 1676 fidus

259 1702 331 1739 Mi.
365 1702 466 1739 cedo
504 1700 670 1750 signum,
712 1699 743 1738 si
782 1701 931 1739 harunc
972 1702 1217 1739 Baccharum
1256 1714 1308 1739 es.
1381 1703 1449 1739 ΡΑ.
1485 1709 1591 1740 amat

999 1765 1137 1804 mulier
1158 1767 1354 1815 quaedam
1375 1767 1587 1816 quendam.

259 1834 331 1870 M1.
364 1833 431 1882 pol
451 1831 550 1870 istuc
571 1830 733 1881 quidem
756 1833 912 1870 multae.
976 1833 1043 1869 ΡΛ.
1075 1839 1113 1870 at
1135 1845 1216 1871 non
1239 1833 1386 1871 multae
1401 1833 1451 1871 de
1467 1832 1591 1883 digito

1245 1898 1394 1936 donum
1417 1897 1588 1936 mittunt.

260 1965 303 2002 M
311 1976 332 2001 1.
356 1962 461 2002 enim
480 1961 648 2012 cognoui
666 1975 782 2009 nunc,
802 1961 926 2001 fecisti
945 1963 1066 2001 modo
1083 1961 1136 2000 mi
1153 1976 1198 2001 ex
1216 1962 1394 2013 procliuo
1415 1964 1589 2013 planum.

306 2071 454 2100 1004—13
490 2071 555 2091 non
576 2060 694 2099 legitur
715 2060 747 2090 A
910 2070 991 2099 ¹005
1018 2060 1106 2091 iliam
1132 2059 1197 2090 cod.
1312 2061 1411 2092 uideo
1436 2059 1528 2101 (ideo
1546 2061 1591 2101 Β)

258 2105 324 2136 cod.
344 2106 381 2145 (i,
396 2115 424 2144 p.
447 2106 504 2144 27)
642 2105 725 2135 1006
751 2109 818 2135 tum
844 2103 942 2135 Ital.:
966 2114 1041 2134 cum
1062 2104 1125 2134 cod.
1218 2103 1369 2135 celocula
1394 2104 1511 2145 Bugge
1536 2105 1588 2144 (ef

261 2149 364 2181 Class.
383 2148 461 2179 Rev.
484 2149 513 2186 6,
538 2148 616 2187 89&
641 2148 771 2179 elocuta
790 2147 855 2178 cod.
949 2147 1036 2178 illam
1061 2153 1171 2178 autem
1198 2147 1262 2178 cod.
1282 2159 1289 2178 :
1313 2148 1421 2178 traim'
1510 2159 1590 2187 ¹007

260 2194 501 2232 desponsatast
527 2192 602 2222 ΡΟ)
691 2192 751 2222 tibi
779 2203 844 2222 om.
873 2190 904 2221 Β
1041 2201 1122 2230 1c09
1146 2191 1235 2222 foras
1264 2191 1340 2227 gfori
1366 2191 1411 2231 B)
1438 2192 1472 2222 in
1501 2192 1592 2222 initio

259 2246 371 2266 versus
387 2237 553 2275 sequentis,
574 2235 655 2271 cod.‚
674 2235 761 2266 unde
776 2236 871 2266 cuius
890 2235 998 2274 gratia
1022 2235 1122 2265 Foras
1141 2245 1215 2265 sum
1236 2235 1375 2265 Mueller
1508 2245 1591 2266 1010

261 2281 335 2310 eius
346 2279 420 2310 add.
439 2278 598 2319 Sprngcl:
614 2279 695 2318 fort.
717 2278 887 2321 (utinam)
1026 2288 1104 2316 ¹013
1129 2279 1344 2309 consiliorum
1360 2278 1486 2309 Bothe:
1511 2289 1590 2309 con-

260 2323 420 2354 siliarium
446 2323 485 2361 1³,
511 2324 543 2352 A
575 2334 606 2354 n.
635 2323 654 2353 I.
795 2332 875 2361 1014
902 2322 1002 2352 immo
1029 2323 1131 2352 ctiam
1158 2323 1209 2360 (et
1236 2322 1335 2352 etiam
1362 2321 1408 2352 Bi
1434 2322 1494 2353 sed
1521 2333 1588 2353 non

261 2367 351 2398 celas
369 2367 400 2396 Ρ
535 2376 614 2405 1015
640 2367 735 2396 firme
761 2366 845 2396 fides
873 2365 983 2405 (firme
1010 2365 1117 2396 fidelis
1143 2364 1225 2399 ΡΠ).
1255 2365 1350 2396 firma
1378 2365 1462 2396 fides
1486 2365 1533 2396 Bi
1560 2365 1593 2396 P

266 2413 346 2441 1016
369 2416 420 2440 est
451 2409 482 2439 P
629 2411 777 2449 1017-26
805 2415 910 2450 pauca
942 2410 974 2438 in
1006 2409 1108 2438 initiis
1137 2409 1294 2448 leguntur
1320 2409 1353 2438 A
1507 2419 1587 2448 10¹7

263 2454 402 2493 didigito
416 2454 550 2484 domum
570 2453 601 2484 Β
758 2454 838 2484 1018
862 2452 996 2494 planum
1017 2452 1230 2484 Gulielmius:
1257 2458 1386 2493 patrem
1405 2452 1446 2492 P,
1462 2452 1495 2483 A
1517 2464 1549 2485 n.
1566 2453 1588 2485 Ι.

265 2499 336 2540 (vii,
357 2509 384 2539 p.
408 2499 480 2538 104)
