1747 2740
601 89 985 130 TRVCVLENTV
989 89 1014 128 S
1436 91 1504 128 IV.
1527 90 1573 128 iii

169 200 254 240 siue
273 202 376 241 adeo
395 210 500 241 caret
521 210 678 248 temeto,
702 209 833 241 tamen
855 202 907 240 ab
928 201 1086 252 ingenio
1107 201 1323 252 improbust.

172 269 238 306 D1.
271 267 354 307 scio
374 268 559 319 equidem
582 281 684 318 quae
704 269 798 306 nolo
821 269 944 305 multa
966 267 1017 305 mi
1039 267 1240 306 audienda
1260 269 1312 306 ob
1334 268 1503 307 noxiam.
1527 275 1569 307 60

83 337 149 381 835
170 346 244 383 ego
264 332 335 371 tibi
357 347 420 372 me
441 333 657 372 obnoxium
679 346 764 371 esse
786 334 909 371 fateor
929 334 1068 383 culpae
1089 342 1327 384 compotem.

169 400 249 436 Ax.
282 398 477 446 Callicles,
500 398 592 437 uide
613 411 761 448 quaeso
783 411 965 448 magnam
988 412 1038 437 ne
1059 398 1177 437 facias
1198 399 1378 438 iniuriam
1397 415 1404 438 :

169 464 250 501 reu'
269 464 421 501 solutus
442 476 622 501 caussam
643 462 750 509 dicit,
773 462 883 501 testis
904 463 1059 501 uinctos
1079 463 1233 503 attines.

170 528 243 567 CA.
284 528 426 567 soluite
459 527 562 566 istas.
639 527 753 578 agite,
789 527 895 567 abite
934 536 975 566 tu
1015 529 1181 567 domum
1221 537 1259 567 et
1298 539 1339 568 tu
1374 539 1506 569 autem

1327 596 1505 634 domum.

168 659 354 708 eloquere
375 659 473 697 haec
493 671 582 697 erae
602 666 668 697 tu:
698 672 864 709 puerum
886 661 1035 706 reddat,
1059 660 1089 698 si
1112 660 1199 710 quis
1220 674 1310 699 eum
1333 669 1449 711 petat.
1527 665 1569 708 65

81 727 152 770 840
168 736 305 762 eamus
325 731 367 762 tu
383 723 423 762 in
444 723 514 762 ius.
576 725 642 762 D1.
674 723 771 774 quid
792 724 851 762 uis
873 725 912 761 in
933 724 992 762 ius
1013 737 1077 762 me
1098 725 1181 762 ire?
1228 729 1270 763 tii
1291 739 1332 763 es
1354 735 1509 776 praetor

1398 792 1504 829 mihi.

169 867 307 892 uerum
329 862 367 893 te
387 867 553 905 opsecro
574 862 617 893 ut
638 863 745 893 tuam
765 855 925 905 gnatam
947 857 1016 894 des
1039 855 1091 893 mi
1113 869 1286 902 uxorem,
1311 856 1504 895 Callicles.

169 920 241 959 CA.
264 933 352 958 eam
368 921 492 959 dem?
520 921 587 971 pol
607 928 646 958 te
666 920 862 959 iudicasse
882 920 1035 970 pridem
1052 920 1166 959 istam
1184 935 1265 959 rem
1283 921 1478 972 intellego.

166 999 260 1024 nam
280 987 358 1024 hau
374 986 565 1033 mansisti,
580 987 677 1025 dum
699 999 772 1036 ego
793 987 928 1024 darem
945 986 1051 1024 illam
1069 1002 1075 1024 ε
1106 994 1189 1024 tute
1205 987 1406 1037 sumpsisti
1423 987 1506 1025 tibi.

167 1064 274 1090 nunc
294 1051 442 1090 habeas
463 1059 505 1090 ut
526 1053 686 1090 nactu'S.
746 1065 884 1090 uerum
906 1053 983 1090 hoc
1003 1065 1077 1102 ego
1097 1060 1136 1090 te
1157 1052 1336 1090 multabo
1357 1053 1452 1091 bolo
1469 1068 1475 1090 :
1532 1067 1569 1098 :0

81 1121 147 1166 845
167 1130 235 1155 sex
254 1118 402 1156 talenta
423 1131 565 1168 magna
585 1118 689 1156 dotis
710 1119 868 1156 demam
891 1131 961 1167 pro
982 1118 1055 1156 ista
1075 1118 1239 1156 inscitia.

170 1183 237 1221 D1.
269 1183 372 1222 bene
401 1183 474 1234 agi'
505 1197 672 1222 mecum.
744 1184 815 1222 CA.
849 1183 972 1221 filium
1003 1183 1119 1221 istinc
1146 1192 1256 1222 tuom
1285 1192 1322 1222 te
1353 1184 1510 1222 meliust

1320 1257 1505 1300 repetere.

168 1322 343 1353 ceterum
365 1328 527 1353 uxorem
547 1328 666 1365 quam
689 1314 858 1365 primum
880 1323 1010 1365 potest
1030 1315 1186 1353 abduce
1207 1328 1253 1352 ex
1274 1315 1450 1353 aedibus.

169 1393 244 1430 ego
262 1381 375 1419 abeo.
434 1380 511 1418 iam
533 1380 587 1418 illi
608 1380 804 1418 remittam
826 1380 1009 1418 nuntium
1030 1380 1152 1418 adfini
1173 1393 1275 1428 meo,

168 1445 300 1484 dicam
321 1453 364 1484 ut
384 1445 500 1484 aliam
522 1445 801 1484 condicionem
823 1445 904 1483 filio
925 1445 1101 1484 inueniat
1121 1459 1262 1484 suo.—
1530 1461 1568 1494 75

82 1510 152 1556 850
171 1512 237 1549 D1.
269 1519 308 1549 at
329 1524 402 1561 ego
421 1512 473 1549 ab
494 1513 568 1550 hac
589 1525 754 1562 puerum
776 1524 993 1561 reposcam,
1016 1525 1067 1549 ne
1088 1524 1179 1549 mox
1200 1512 1343 1550 infitias
1364 1521 1427 1551 eat
1445 1528 1455 1560 3

169 1575 267 1615 nihil
280 1585 349 1623 est,
365 1577 457 1615 nam
471 1590 589 1628 eapse
605 1579 707 1615 ultro
723 1585 766 1615 ut
780 1578 965 1615 factumst
978 1577 1070 1615 fecit
1086 1590 1246 1616 omnem
1264 1591 1345 1616 rem
1363 1580 1504 1628 palam.

212 1683 277 1722 833
302 1683 466 1723 inprobus
491 1683 567 1724 (pro
589 1682 648 1721 -stJ
676 1682 766 1714 codd.
792 1681 896 1712 Nonii
916 1693 957 1722 5:
995 1682 1164 1724 [timidus]
1188 1688 1239 1713 est
1261 1683 1422 1723 inprobus
1440 1684 1505 1715 cod.

171 1725 228 1767 (iv.
250 1729 286 1765 3)
419 1728 484 1765 834
508 1727 657 1757 obnoxia
673 1726 738 1758 cod.
760 1738 767 1757 ε
791 1736 869 1757 corr.
884 1725 1078 1757 Palmerius
1224 1728 1287 1766 835
1312 1737 1420 1758 essem
1439 1728 1504 1758 cod.

171 1770 281 1801 cultae
298 1770 499 1809 compotemi
517 1769 583 1801 cod.
600 1782 607 1800 :
630 1781 710 1800 corr.
729 1769 919 1801 saracenus
1060 1771 1125 1809 836
1150 1771 1227 1801 uide
1248 1771 1279 1800 Β
1378 1782 1505 1810 quaeso

171 1823 331 1854 magnam
355 1824 397 1844 ne
421 1813 547 1845 Schoell
560 1826 567 1844 :
597 1824 841 1854 quaesomnern
866 1813 932 1845 cod.
962 1814 1030 1847 (vii.
1055 1824 1086 1854 p.
1110 1816 1209 1853 104):
1248 1814 1282 1844 in
1306 1816 1505 1854 quaestione

171 1868 215 1889 ne
231 1856 299 1888 Leo
430 1858 492 1897 837
517 1858 598 1889 dicit
615 1863 647 1888 ta
661 1859 744 1896 (tam
757 1857 842 1888 PCD‘
865 1858 948 1888 estis
965 1859 1041 1898 (pro
1059 1857 1189 1893 taestis.
1208 1859 1226 1888 ι’.
1241 1870 1265 1888 e.
1285 1859 1381 1889 testis
1417 1860 1505 1890 uicto

169 1902 234 1932 sati
252 1901 329 1932 ines
346 1900 412 1932 cod.
428 1913 435 1931 :
460 1912 538 1933 corr.
557 1900 693 1942 Lipsius
839 1902 903 1940 840
928 1901 979 1943 tu]
999 1907 1012 1933 t
1028 1901 1125 1931 PCD:
1151 1912 1217 1932 om.
1236 1902 1310 1932 Ital.
1402 1904 1434 1933 in
1453 1904 1505 1934 ius

169 1968 177 1976 .
197 1969 205 1977 .
224 1969 232 1976 .
252 1945 288 1975 in
305 1945 356 1976 ius
372 1944 561 1976 saracenus
576 1957 583 1975 ε
607 1946 696 1976 intus
715 1968 722 1974 .
741 1969 749 1976 .
767 1969 774 1976 .
796 1945 888 1975 intus
905 1945 970 1976 cod.
1081 1951 1115 1975 tu
1134 1956 1170 1976 es
1187 1945 1262 1976 Ital.
1279 1960 1284 1963 ·
1311 1952 1343 1976 et
1361 1957 1421 1977 ues
1437 1947 1504 1977 cod.

168 1990 231 2028 841
257 1990 301 2019 mi
318 1999 382 2020 om.
398 1988 471 2020 ΡΠ)
569 1989 633 2027 842
657 1999 732 2019 eam
749 1989 825 2019 dem
843 1988 1182 2020 PalmersHmmath.
1200 2000 1230 2028 9.
1254 1990 1308 2028 73)
1326 2002 1332 2021 :
1359 1991 1504 2021 eundem

167 2032 233 2064 cod.
255 2034 290 2072 (u
305 2038 366 2072 pro
378 2034 410 2067 a)
510 2033 604 2072 pulte
622 2033 688 2064 cod.
780 2033 911 2072 pridem
932 2033 1092 2072 Spengel:
1117 2034 1253 2073 quidem
1278 2033 1343 2065 cod.
1448 2036 1504 2074 qui

167 2077 304 2107 admisti
330 2087 404 2107 eam
431 2087 501 2107 rem
530 2076 594 2107 Leo
684 2102 687 2104 .
746 2077 810 2115 843
836 2077 915 2107 dum
943 2077 1179 2107 Camerarius:
1204 2078 1279 2107 dem
1304 2077 1371 2108 cod.
1402 2079 1503 2109 *idem

168 2119 259 2161 PCD)
354 2121 417 2160 845
434 2131 557 2160 magna
573 2120 762 2152 Saracenas
779 2133 786 2151 ε
810 2120 939 2151 malana
956 2119 1021 2151 cod.
1086 2121 1185 2151 dotes
1218 2122 1314 2152 detes
1330 2121 1418 2152 pem
1437 2122 1503 2154 cod.

170 2165 272 2195 istasc
291 2165 404 2205 &istast
420 2163 507 2195 pem
527 2164 609 2195 inse.
627 2164 693 2195 cod.
717 2165 775 2205 (iv.
791 2166 823 2203 3⁸,
969 2165 1034 2202 846
1058 2170 1150 2194 tuom
1170 2164 1385 2195 Camerarius
1403 2178 1409 2196 ε
1435 2171 1504 2196 tum

169 2208 236 2239 cod.
395 2209 458 2247 847
483 2218 627 2239 uxorum
649 2207 715 2240 cod.
743 2210 837 2249 (corr.
861 2207 937 2238 PCD
1066 2209 1152 2238 abdu
1185 2209 1306 2239 abduci
1325 2209 1411 2242 PCD}
1436 2210 1503 2240 cod.

170 2252 182 2287 (
181 2258 244 2293 pro
267 2251 366 2292 abdi]y
387 2253 405 2283 i.
417 2262 441 2283 e.
459 2252 586 2283 abduce
598 2254 627 2288 ἒ)
770 2252 835 2290 848
859 2251 943 2282 abeo
966 2251 1160 2281 Flcckeiscn:
1185 2254 1271 2282 adeo
1296 2252 1360 2282 cod.
1397 2253 1426 2282 D
1443 2259 1506 2293 pro

170 2294 216 2334 B)
359 2296 450 2326 affini
469 2295 683 2326 Camerarius
699 2307 706 2326 ε
729 2296 784 2326 adi
817 2300 880 2336 pro
896 2295 979 2331 adsi.
1003 2297 1015 2324 ι’
1033 2306 1057 2326 e.
1076 2296 1179 2325 adfini
1195 2298 1201 2325 ἔ
1236 2297 1303 2327 (od.
1441 2299 1506 2336 850

170 2339 212 2370 ab
236 2339 314 2380 hae]
343 2340 449 2370 istanc
474 2339 663 2377 Abraham,
691 2341 749 2380 qm'
776 2349 880 2379 posco
907 2339 948 2369 ab
976 2350 1042 2369 non
1072 2339 1271 2369 Plautinum
1303 2350 1367 2370 csse
1398 2345 1508 2371 monet

171 2389 226 2414 eat
242 2383 314 2414 Ital.
331 2395 338 2414 ;
366 2390 399 2414 et
416 2382 482 2415 cod.
618 2383 680 2423 851
707 2393 811 2424 eapse
828 2381 964 2422 Sejiffff
980 2394 986 2411 τ
1012 2383 1083 2422 ipsa
1101 2389 1133 2412 ct
1151 2383 1218 2414 cod.
1313 2384 1421 2415 sactus
1436 2384 1502 2419 cod,
