1747 2740
604 161 776 201 MILES
806 163 1120 202 GLORIOSVS
1477 161 1529 202 Il.
1552 174 1582 201 v

197 279 317 324 atque
329 274 436 324 apud
456 274 562 311 hunc
579 286 645 311 ero
661 272 838 311 uicinum
853 287 863 321 ;
884 280 974 312 tuae
991 272 1086 311 mihi
1109 274 1244 312 turbae
1261 287 1340 312 non
1362 276 1529 324 placent.

109 343 181 386 480
198 340 277 378 eru’
298 339 329 378 si
350 338 492 387 ueniet,
516 338 547 377 si
568 352 631 377 me
652 346 824 389 quaeret,
849 338 912 377 hic
934 352 1023 377 ero:
1055 338 1147 377 hinc
1169 353 1231 378 me
1251 339 1504 378 arcessito.—
1552 348 1594 383 70

358 449 687 487 SCELEDRvs
801 450 1364 487 PERIPLECTOMENVS
1552 446 1599 483 vi

195 532 258 570 SC.
291 531 401 570 Satin
421 530 517 569 abiit
537 530 601 569 ille
624 544 753 581 neque
775 530 857 569 erili
880 530 1040 581 negotio

194 597 281 647 plus
302 605 421 644 curat,
444 596 556 647 quasi
578 610 659 635 non
681 596 911 635 seruitutem
935 596 1107 635 seruiat?

193 669 301 701 certo
321 663 386 700 illa
406 662 569 713 quidem
590 662 654 700 hic
676 675 784 700 nunc
806 661 911 700 intus
933 669 991 700 est
1012 661 1051 699 in
1072 661 1249 709 aedibus,

193 740 286 765 nam
307 735 464 778 egomet
485 728 699 766 cubantem
721 741 809 766 earn
833 728 955 766 modo
976 727 1123 766 offendi
1149 727 1269 766 domi.

105 795 171 840 485
193 799 343 831 certum
365 800 424 832 est
444 806 550 832 nunc
571 791 839 843 opseruationi
861 805 1021 842 operam
1043 793 1146 831 dare.
1552 806 1571 838 5

193 859 262 896 PE.
295 871 377 896 non
399 859 530 897 hercle
551 858 660 897 hisce
682 857 864 896 homines
887 871 950 896 me
973 871 1136 905 marem,
1157 859 1226 897 sed
1249 857 1437 896 feminam

192 923 313 962 uicini
333 932 466 963 rentur
487 938 572 963 esse
594 923 696 963 serui
719 923 852 962 militis
870 938 877 962 :

192 988 245 1028 ita
265 1003 328 1029 me
349 989 564 1028 ludificant.
625 1003 808 1028 meamne
829 988 893 1027 hic
914 988 1079 1027 inuitam
1100 988 1310 1039 hospitam,

192 1067 294 1105 quae
314 1053 397 1093 heri
417 1056 496 1093 huc
516 1054 685 1093 Athenis
707 1068 798 1093 cum
820 1053 977 1104 hospite
997 1054 1161 1092 aduenit
1182 1068 1282 1101 meo,

102 1131 174 1168 490
192 1127 396 1159 tractatam
417 1128 455 1159 et
476 1120 729 1167 ludificatam,
754 1119 967 1170 ingenuam
990 1128 1027 1158 et
1049 1120 1242 1158 liberam?
1552 1134 1593 1156 10

189 1187 252 1225 SC.
285 1186 381 1236 perii
402 1187 532 1225 hercle
552 1189 558 1224 1
589 1185 653 1224 hic
674 1187 725 1224 ad
747 1200 810 1224 me
831 1193 936 1224 recta
956 1186 1076 1224 habet
1096 1193 1242 1224 rectam
1264 1185 1380 1224 uiam.

191 1258 326 1290 metuo
347 1251 458 1290 illaec
479 1251 576 1289 mihi
597 1265 656 1290 res
675 1265 728 1290 ne
750 1253 854 1289 malo
876 1264 1021 1301 magno
1042 1252 1134 1298 fuat,

191 1324 383 1367 quantum
405 1318 512 1355 hunc
532 1316 667 1355 audiui
689 1318 817 1355 facere
839 1317 1050 1355 uerborum
1072 1330 1220 1356 senem.

192 1384 262 1421 PE.
293 1384 482 1422 accedam
516 1384 567 1422 ad
602 1382 817 1422 hominem.
883 1389 964 1430 tun,
1002 1384 1195 1430 Sceledre,
1229 1382 1304 1430 hic,
1337 1385 1527 1422 scelerum

1397 1456 1526 1499 caput,

102 1524 169 1561 495
192 1527 321 1553 meam
342 1512 594 1553 liidificauisti
616 1513 815 1563 hospitam
835 1520 927 1552 ante
947 1513 1057 1552 aedis
1079 1515 1234 1552 modo?
1550 1522 1587 1555 15

190 1580 252 1618 SC.
286 1579 428 1627 uicine,
450 1581 629 1618 ausculta
650 1593 810 1629 quaeso.
874 1581 942 1616 PE.
976 1592 1050 1629 ego
1070 1581 1290 1618 auscultem
1312 1579 1414 1618 tibi?

190 1646 252 1684 SC.
286 1643 533 1698 [ex]purgare
554 1647 647 1683 uolo
669 1659 745 1683 me.
805 1646 873 1682 PE.
907 1652 977 1682 tun
999 1645 1065 1682 ted
1087 1658 1276 1695 expurges
1298 1645 1405 1693 mihi,

190 1710 258 1761 qui
279 1711 429 1749 facinus
451 1719 604 1749 tantum
627 1718 789 1761 tamque
810 1710 1018 1760 indignum
1040 1710 1210 1749 feceris?

189 1790 240 1815 an
261 1776 353 1827 quia
373 1775 673 1823 latrocinamini,
695 1775 938 1814 arbitramini

105 1855 171 1892 500
190 1841 348 1892 quiduis
369 1842 485 1881 licere
506 1844 632 1881 facere
653 1842 779 1889 uobis,
803 1842 998 1880 uerbero?
1546 1859 1586 1881 πο

189 1910 251 1947 Sc.
285 1907 458 1947 licetne?
515 1909 583 1945 PE.
616 1914 655 1945 at
676 1906 729 1945 ita
751 1920 813 1945 me
834 1906 875 1945 di
896 1907 1075 1957 deaeque
1096 1920 1235 1946 omnes
1255 1915 1389 1947 ament

233 2023 297 2053 479
322 2023 380 2043 ero
406 2023 472 2044 om.
499 2012 533 2042 P
694 2015 758 2051 480
782 2013 915 2052 quaerit
939 2013 970 2044 P
994 2016 1067 2054 (pro
1092 2018 1157 2044 -ret
1172 2014 1198 2051 3)
1299 2012 1395 2053 hinc]
1418 2014 1469 2044 hic
1497 2013 1530 2043 P

190 2057 249 2095 481
277 2057 359 2087 erile
393 2058 564 2096 negotium
598 2056 685 2088 codd.
720 2059 757 2095 ti.
783 2062 832 2096 9).
859 2058 940 2096 sort.
971 2062 1054 2096 mciv,
1086 2068 1282 2097 quanquam
1312 2069 1412 2096 neque
1441 2059 1525 2088 erile

191 2112 292 2140 neque
308 2101 390 2132 erile
408 2105 525 2140 negot·
538 2102 642 2141 placa
658 2114 664 2132 :
689 2102 737 2132 eri
756 2112 837 2141 rem,
860 2102 1034 2140 negotium
1054 2101 1193 2131 Rcdslol)
1212 2101 1325 2142 (Lz'lcr.
1354 2101 1524 2133 sztralbl.

194 2145 286 2184 1895,
319 2156 349 2184 p.
382 2146 502 2183 1762&
535 2146 583 2175 cri
611 2145 680 2176 hilo
712 2146 885 2184 negotium
918 2146 984 2175 Leo
1143 2146 1206 2183 482
1238 2146 1402 2176 seruitute
1435 2145 1524 2176 codd.

189 2190 253 2226 483
278 2189 412 2228 quidem
437 2188 494 2218 illa
519 2188 552 2218 P
682 2190 743 2227 484
770 2200 833 2227 ego
860 2194 892 2219 ct
918 2190 1094 2219 cubantem
1116 2200 1154 2219 ca
1177 2190 1277 2218 domo
1299 2189 1332 2219 P
1418 2189 1524 2219 offen-

189 2233 265 2262 ‹lam
283 2233 315 2262 A
429 2233 494 2271 488
518 2243 592 2263 mea
615 2233 684 2267 (me
709 2233 754 2270 C)
773 2243 870 2263 mane
892 2232 925 2262 P
1011 2234 1116 2262 inuita
1135 2232 1166 2262 P
1181 2233 1233 2272 (scs
1254 2233 1335 2272 4903
1428 2233 1525 2272 hospi

189 2280 226 2306 ut
243 2275 307 2307 vid.
334 2276 366 2307 P
384 2276 419 2317 (i.
435 2287 459 2307 e.
481 2277 647 2316 hospitam
662 2279 686 2315 ἶ)
823 2288 888 2315 490
913 2281 1052 2306 tractata
1076 2282 1107 2306 ot
1130 2277 1299 2306 ludificata
1322 2276 1469 2315 ingenua
1491 2281 1525 2305 et

188 2319 294 2350 libcra
314 2320 345 2350 P
474 2331 535 2359 491
569 2331 592 2351 r.
624 2322 653 2351 h.
685 2324 775 2350 recta
801 2321 855 2350 uia
875 2321 906 2350 Ι)
1037 2331 1097 2359 407
1125 2331 1166 2350 cx
1200 2321 1291 2358 (fort.
1319 2332 1358 2351 m·
1384 2321 1419 2352 E.
1448 2324 1525 2350 nala

183 2369 351 2404 personae,
379 2365 649 2404 01't1mz)seclusi,
671 2375 752 2394 nam
781 2362 959 2402 expurgnr'
987 2364 1042 2393 vix
1058 2364 1249 2402 sivrndnm,
1273 2376 1372 2403 mque
1403 2367 1525 2403 expur-

187 2411 267 2446 gare
286 2408 361 2438 uolo
382 2409 485 2449 placet
576 2408 792 2447 Expurigare
810 2432 816 2438 .
838 2431 845 2438 .
866 2412 899 2438 tc
918 2408 979 2447 (ila
1000 2407 1107 2448 codd.)
1126 2408 1308 2448 cxpux‘iges
1336 2408 1406 2450 (dcl.
1429 2408 1524 2448 mihi)

187 2451 312 2482 Ritsclzl
442 2453 573 2491 501—38
596 2451 681 2482 deest
695 2452 728 2482 A
