1747 2740
115 112 169 153 ΙΙ.

128 238 172 269 40

126 565 167 598 45

125 895 166 925 50

123 1220 162 1254 55

123 1542 165 1574 60

191 117 237 152 iv
609 117 655 157 T.
691 119 872 159 MACCI
904 118 1111 158 PLAVTI

193 227 258 264 D1.
290 241 409 277 quem
431 236 598 279 propter,
622 243 646 268 o
667 242 755 268 mea
775 228 889 268 uita?
946 231 1019 268 ΡΗ.
1053 237 1213 280 propter
1233 230 1398 271 militem

190 292 534 341 Babyloniensem,
558 293 623 344 qui
647 294 759 344 quasi
782 308 946 333 uxorem
967 293 1042 333 sibi

187 373 250 398 me
271 360 445 399 habebat
465 374 613 399 annum
635 362 731 399 dum
753 360 817 399 hic
838 360 921 398 fuit.
981 361 1050 398 D1.
1080 373 1153 410 ego
1175 372 1387 398 senseram.

188 424 258 463 secl
279 423 375 474 quid
396 424 529 463 istuc?
559 424 652 474 quoi
674 424 727 462 rei
749 432 787 463 te
807 424 1045 464 adsimulare
1067 424 1230 464 retulit?

189 491 262 527 PH.
295 497 337 528 ut
358 498 459 528 esset
479 489 620 540 aliquis
641 491 805 540 laqueus
826 498 864 528 et
885 489 1173 538 redimiculum,

188 554 455 594 reuorsionem
478 563 519 593 ut
539 556 590 594 ad
612 568 675 593 me
695 556 840 593 faceret
861 556 1005 594 denuo.

187 634 293 659 nunc
314 622 391 659 huc
412 620 560 660 remisit
581 634 706 671 nuper
725 622 776 660 ad
798 634 861 659 me
883 620 1092 671 epistulam

185 699 270 724 sese
291 693 540 737 experturum
563 686 700 737 quanti
721 700 806 725 sese
827 687 1068 738 penderem:

185 750 216 790 si
238 752 347 801 quod
368 751 608 802 peperissem
629 751 670 790 id
689 750 806 804 (non)
826 766 1009 790 necarem
1029 765 1076 790 ac
1098 753 1292 800 tollerem,

186 816 292 855 bona
312 830 383 855 sua
403 831 466 856 me
487 817 713 856 habiturum
735 817 869 856 omnia
891 815 1023 871 [esse].
1085 819 1150 856 D1.
1173 819 1355 857 ausculto
1370 819 1523 857 lubens.

185 882 282 933 quid
303 883 477 934 denique
497 883 639 934 agitis?
697 885 771 921 ΡΗ.
804 891 928 922 mater
947 883 1109 922 ancillas
1130 882 1252 930 iubet,

184 948 373 999 quoniam
395 948 472 987 iarn
494 950 687 988 decumus
708 948 855 987 mensis
875 950 1065 988 aduentat
1085 961 1219 999 prope,

182 1012 300 1053 aliam
320 1014 505 1052 aliorsum
528 1013 595 1061 ire,
616 1015 901 1064 praemandare
921 1022 959 1054 et
980 1027 1168 1065 quaerere

182 1093 349 1131 puerum
369 1087 436 1118 aut
456 1081 628 1130 puellam
650 1080 718 1130 qui
739 1089 983 1131 supponatur
1003 1080 1110 1119 mihi.

183 1145 280 1195 quid
301 1147 425 1184 multa
445 1146 566 1184 uerba
586 1145 757 1184 faciam?
787 1146 1015 1185 tonstricem
1037 1147 1176 1185 Suram

184 1211 330 1250 nouisti
352 1214 556 1251 nostram?
616 1214 682 1250 D1.
714 1225 844 1262 quaen
866 1225 956 1262 erga
975 1213 1117 1251 aedem
1138 1225 1224 1251 sese
1245 1211 1398 1252 habet?

183 1277 289 1316 noui.
349 1279 423 1315 PH.
458 1279 554 1316 haec
576 1281 643 1318 †ut
664 1281 807 1328 opera†
828 1277 1008 1316 circumit
1028 1291 1097 1328 per
1117 1277 1295 1326 familias,

181 1356 347 1393 puerum
369 1343 535 1392 uestigat
550 1357 560 1391 ,·
590 1345 815 1382 clanculum
837 1345 887 1382 ad
909 1357 972 1382 me
989 1343 1142 1391 detulit,

182 1409 318 1447 datum
341 1408 415 1446 sibi
437 1422 522 1447 esse
543 1408 651 1447 dixit.
713 1411 778 1447 D1.
811 1423 835 1447 o
858 1409 996 1448 mercis
1018 1410 1171 1448 malae!

183 1487 273 1512 eum
295 1477 401 1512 minc
422 1487 503 1512 non
524 1474 589 1512 illa
610 1474 762 1524 peperit
783 1488 884 1525 quae
904 1474 1055 1525 peperit
1079 1474 1193 1525 prior,

184 1540 253 1578 sed
275 1547 316 1577 tu
338 1539 540 1590 posterior.
604 1542 677 1577 PH.
711 1540 850 1579 ordine
871 1554 1031 1579 omnem
1053 1554 1133 1580 rem
1156 1548 1277 1580 tenes.

183 1618 289 1643 nunc
311 1612 352 1643 ut
373 1605 572 1655 praemisit
595 1605 778 1643 nuntium
802 1605 912 1644 miles
933 1605 1040 1653 mihi,

182 1683 264 1709 non
286 1672 410 1710 multo
431 1678 520 1721 post
541 1671 605 1709 hic
625 1670 760 1710 aderit.
822 1673 888 1709 D1.
920 1685 1027 1710 nunc
1047 1679 1089 1710 tu
1110 1679 1148 1711 te
1168 1670 1325 1711 interim

225 1782 287 1814 391
314 1784 413 1814 quem
440 1773 576 1814 Bugge:
604 1784 669 1813 que
696 1773 761 1806 cod.
931 1784 996 1813 393
1020 1785 1108 1806 anno
1134 1773 1289 1816 Lipsius:
1313 1785 1403 1806 anno
1429 1775 1518 1819 [um]

181 1817 247 1848 cod.
441 1827 504 1857 394
530 1823 563 1848 te
593 1818 692 1849 Jtal.:
731 1823 799 1848 tem
826 1817 892 1849 cod.
925 1819 995 1858 (vii.
1024 1822 1058 1857 4)
1245 1829 1309 1858 395
1333 1819 1455 1859 aliquis
1471 1820 1517 1851 la-

181 1871 289 1899 queus
322 1860 558 1892 Camerarius:
592 1862 695 1901 aliqui
729 1862 757 1892 si
790 1867 932 1901 aqueust
964 1861 1028 1893 cod.
1061 1864 1183 1902 (aquae
1215 1873 1322 1902 usque
1353 1868 1406 1894 est
1431 1862 1514 1903 Pel),

182 1905 268 1935 unde
296 1905 502 1945 laqueusque
531 1904 681 1947 Sejffert)
807 1907 871 1945 398
896 1907 1078 1945 penderem
1106 1906 1208 1937 Ital.:
1242 1907 1422 1946 perderem
1450 1907 1516 1939 cod.

179 1958 244 1988 399
268 1950 300 1980 id
319 1960 386 1980 non
401 1960 558 1980 necarem
575 1949 722 1981 Sclzoell:
749 1949 803 1980 ide
817 1960 928 1980 carem
945 1949 1011 1980 cod.
1116 1954 1149 1980 at
1160 1949 1234 1980 ΡΠ)
1366 1962 1432 1989 400
1454 1961 1516 1982 sua

182 1992 394 2024 Camerarius
410 2005 417 2024 :
441 2004 516 2025 sum
534 1994 600 2025 cod.
621 1994 740 2035 (Mpro
752 1994 799 2033 A)
891 1993 941 2025 vel
954 1993 1029 2024 med
1120 2003 1195 2023 esse
1211 1993 1270 2025 dcl.
1291 1993 1514 2035 Cameran'us,

181 2046 263 2066 nam
287 2037 475 2069 habituram
508 2048 584 2069 esse
611 2039 726 2069 minus
747 2039 849 2079 placet
980 2047 1043 2076 402
1070 2037 1134 2067 iam
1160 2036 1256 2068 PCD:
1292 2048 1360 2068 non
1379 2037 1414 2069 Β
1433 2040 1517 2079 (pru

181 2082 307 2112 nunc&
446 2092 510 2121 403
535 2083 599 2114 alia
634 2084 817 2114 maiorsum
850 2081 917 2112 cod.
953 2082 1027 2122 (pro
1055 2081 1286 2121 maiiorsum):
1325 2092 1405 2113 corr.
1439 2081 1513 2114 Ital.

179 2135 242 2163 404
273 2125 568 2166 quisupponantur
598 2138 675 2159 corr.
705 2128 781 2166 quis
809 2132 1030 2167 opponantur
1053 2129 1092 2156 ut
1112 2124 1177 2156 vid.
1203 2124 1296 2156 cod.:
1327 2136 1405 2157 corr.
1439 2126 1514 2156 Aci-

179 2167 289 2199 dalius
421 2181 485 2209 405
511 2172 564 2210 qui
585 2171 651 2202 cod.
791 2173 855 2210 406
871 2172 996 2202 nouisti
1014 2171 1087 2202 Ital.
1104 2182 1111 2200 ε
1136 2170 1245 2200 nouisi
1259 2168 1326 2201 cod.
1415 2180 1514 2210 quem

179 2211 238 2241 cod
263 2224 269 2242 :
304 2224 382 2245 corr.
409 2214 572 2255 Spengsl:
607 2225 694 2254 quae
720 2215 806 2250 Iml..
835 2216 893 2254 qui
918 2225 1005 2254 quae
1023 2214 1194 2246 ...habet
1218 2213 1398 2244 Phrone-5122
1423 2222 1513 2251 (cum

179 2255 261 2286 rod.)
297 2261 491 2288 continuant
648 2260 804 2289 mercede
838 2269 914 2288 sese
947 2259 1004 2288 alit
1041 2258 1177 2299 Bugge:
1216 2258 1404 2288 mercedem
1435 2267 1513 2288 sese

180 2299 279 2330 habet
306 2300 372 2332 Leo
514 2313 576 2341 407
603 2303 679 2332 data
705 2313 809 2342 opera
838 2302 950 2332 Korh:
984 2304 1041 2333 τίζι·
1067 2308 1187 2342 topper
1318 2311 1384 2340 409
1408 2301 1512 2332 malas

179 2342 314 2383 Seyffert
459 2357 523 2384 410
548 2348 643 2385 prior
668 2345 817 2376 Merula:
853 2347 963 2385 patior
994 2345 1059 2376 rod.
1218 2355 1280 2384 4¹3
1307 2344 1390 2386 non]
1423 2345 1511 2376 haud

178 2386 363 2429 Kellcrluff
383 2389 565 2420 scczmdmn
592 2401 717 2420 mot-cm
742 2389 944 2420 Plautinum
1036 2390 1097 2420 hec
1121 2388 1187 2420 cod.

1547 499 1612 535 395

1544 829 1614 862 400

1542 1159 1608 1196 405

1538 1487 1610 1523 410
