1747 2740
228 145 333 185 IV.i
724 146 770 183 T.
805 145 987 185 MACCI
1021 144 1225 183 PLAVTI

319 257 430 309 quasi
465 271 571 297 nunc
606 271 717 296 meae
751 264 843 296 sunt
876 256 1001 295 uobis.
1077 258 1147 295 ΕΡ.
1184 255 1302 295 miror
1333 269 1414 308 quo
1447 262 1652 296 euasurust

1448 323 1652 373 apologus.

321 390 399 427 AN.
432 396 541 427 erant
563 387 703 427 minori
725 388 778 426 illi
799 386 1043 427 adulescenti
1066 386 1227 426 fidicina
1246 394 1284 427 et
1305 386 1478 435 tibicina,

322 467 481 505 peregre
502 455 725 500 aduexerat,
744 453 855 504 quasi
870 467 976 492 nunc
991 460 1032 492 tu
1048 468 1058 501 3
1088 454 1158 492 sed
1172 453 1236 492 ille
1251 460 1332 492 erat
1348 454 1504 503 caeleps
1520 466 1651 500 senex,

260 535 303 566 40
322 519 433 569 quasi
455 533 528 570 ego
550 533 654 558 nunc
671 532 769 557 sum.
822 521 892 558 ΕΡ.
914 532 1031 570 perge
1051 532 1177 570 porro.
1220 531 1404 569 praesens
1424 517 1654 569 hicquidem

1373 591 1432 623 est
1450 585 1654 635 apologus.

319 652 397 688 AN.
431 649 577 689 deinde
598 663 717 689 senex
738 649 803 688 ille
825 648 878 688 illi
900 649 1008 697 dixit,
1032 648 1175 700 quoius
1197 657 1277 689 erat
1298 649 1474 697 tibicina,
1674 663 1739 700 545

320 714 431 765 quasi
460 728 532 765 ego
559 729 665 754 nunc
693 714 764 753 tibi
792 714 1011 754 dico-EF.
1043 716 1224 754 ausculto
1243 722 1362 765 atque
1385 713 1563 753 animum
1589 714 1655 753 ad-

1367 786 1482 819 uorto
1501 780 1651 819 sedulo.

321 848 398 885 AN.
435 850 529 897 ‘ego
551 845 620 884 tibi
642 860 771 885 meam
794 846 913 885 filiam
935 846 1038 886 bene
1059 846 1219 896 quicum
1241 845 1436 885 cubitares
1456 844 1549 885 dedi
1567 860 1573 883 :

322 925 427 950 nunc
458 911 554 950 mihi
580 912 691 951 reddi
719 926 792 962 ego
821 925 992 962 aequom
1020 925 1106 950 esse
1131 925 1200 963 aps
1227 919 1264 950 te
1289 910 1450 962 quicum
1480 909 1655 950 cubitem

1487 977 1656 1015 censeo.’

260 1054 300 1086 45
324 1043 393 1079 ΕΡ.
426 1041 513 1092 quis
535 1041 635 1080 istuc
656 1041 783 1081 dicit?
812 1042 862 1080 an
884 1041 947 1080 ille
969 1041 1080 1092 quasi
1101 1043 1173 1080 tu?
1219 1042 1298 1079 AN.
1322 1040 1434 1092 quasi
1455 1054 1528 1091 ego
1549 1053 1655 1079 nunc

1455 1106 1547 1146 dico
1570 1105 1651 1145 tibi.

323 1171 467 1211 ‘immo
488 1174 586 1212 duas
609 1173 714 1211 dabo
729 1174 736 1189 '
753 1172 881 1223 inquit
902 1172 966 1212 ille
986 1161 1220 1212 adulescens
1243 1175 1252 1192 ‘
1268 1185 1347 1210 una
1367 1171 1398 1211 si
1418 1178 1619 1222 parumst;
1674 1183 1743 1220 550

319 1245 357 1276 et
378 1237 409 1276 si
429 1238 597 1277 duarum
619 1238 857 1288 paenitebit'
879 1238 1007 1289 inquit
1029 1239 1250 1277 ‘addentur
1271 1238 1398 1277 dnae?

322 1304 391 1341 EP.
424 1302 511 1353 quis
546 1302 646 1342 istuc
679 1305 857 1353 quaeso?
897 1317 947 1342 an
983 1303 1047 1342 ille
1079 1303 1190 1354 quasi
1223 1305 1329 1354 ego?
1396 1305 1475 1342 ΑΝ.
1506 1303 1538 1343 is
1572 1303 1656 1355 ipse

1154 1367 1266 1418 quasi
1288 1376 1340 1406 tu.
1397 1366 1519 1420 (turn)
1536 1382 1656 1408 senex

322 1432 386 1472 ille
407 1432 518 1484 quasi
540 1447 613 1484 ego
636 1433 688 1473 ‘si
711 1433 794 1481 uis,'
816 1433 943 1484 inquit
967 1437 1177 1484 ‘quattuor
1197 1447 1291 1472 sane
1311 1434 1417 1481 dato,

262 1515 303 1546 50
322 1500 418 1538 dum
440 1498 626 1550 equidem
652 1500 784 1538 hercle
811 1501 921 1550 quod
943 1499 1053 1538 edint
1080 1500 1216 1546 addas,
1240 1512 1372 1538 meum
1403 1513 1453 1538 ne
1473 1507 1656 1538 contrun-

1384 1571 1475 1603 cent
1495 1563 1656 1604 cibum.'

322 1631 392 1667 ΕΡ.
425 1628 610 1668 uidelicet
631 1643 791 1680 parcum
814 1629 932 1668 fuisse
954 1629 1062 1667 illurn
1085 1642 1232 1676 senem,
1256 1628 1322 1679 qui
1342 1627 1419 1681 (id)
1437 1629 1587 1677 dixerit,
1677 1644 1739 1681 555

320 1694 509 1745 quoniam
530 1694 594 1733 ille
615 1695 667 1733 illi
689 1695 907 1746 pollicetur,
929 1696 997 1745 qui
1018 1709 1108 1734 eum
1130 1695 1263 1734 cibum
1284 1694 1518 1746 poposcerit.

322 1763 399 1798 AN.
432 1759 617 1799 uidelicet
647 1774 727 1799 non
758 1761 876 1800 fuisse
907 1761 1016 1799 illum
1047 1774 1219 1811 nequam
1249 1761 1556 1809 adulescentem,
1588 1761 1655 1812 qui

1565 1826 1656 1866 ilico

322 1890 389 1929 ubi
411 1891 474 1930 ille
495 1891 622 1942 poscit
643 1894 854 1945 denegauit
875 1896 968 1934 dare
989 1908 1030 1934 se
1050 1907 1214 1945 granum
1236 1891 1363 1931 tritici.

262 1968 301 2000 55
323 1958 453 1996 hercle
474 1957 540 2008 qui
561 1972 732 2009 aequom
754 1961 979 2011 postulabat
1004 1960 1068 2000 ille
1089 1974 1219 2007 senex,
1243 1958 1405 2009 quando
1425 1957 1587 2009 quidem

323 2021 424 2061 filiae
445 2022 532 2062 illae
553 2025 715 2063 dederat
737 2026 886 2067 dotem.
907 2025 1085 2076 accipere
1106 2039 1176 2076 pro
1197 2023 1372 2065 tibicina.
1674 2025 1742 2070 560

324 2089 393 2125 ΕΡ.
427 2089 557 2127 hercle
578 2089 807 2140 illequidem
829 2099 935 2130 certo
955 2092 1189 2130 adulescens
1210 2091 1328 2130 docte
1349 2096 1532 2129 uorsutus
1552 2089 1635 2137 fuit,

367 2202 429 2232 542
457 2193 578 2234 Erant]
598 2193 689 2224 Aere
709 2195 783 2235 (pro
799 2194 841 2225 A.
859 2195 877 2225 ι’.
892 2205 914 2226 e.
934 2195 1013 2228 AN..
1033 2195 1130 2233 orel)
1149 2194 1182 2226 P
1279 2194 1343 2238 illi]
1362 2195 1395 2236 ei
1411 2195 1444 2226 A
1589 2196 1654 2235 548

322 2246 383 2285 aps
401 2241 435 2267 te
452 2237 570 2287 onuuA
674 2239 802 2277 552κὸ2
819 2237 961 2287 deficifA
1067 2248 1143 2288 552¹
1154 2244 1223 2270 turn
1237 2238 1313 2271 add.
1328 2238 1501 2270 Acr'dalius
1588 2248 1652 2279 554

323 2281 457 2319 quidem
479 2280 534 2311 alu
558 2281 609 2321 (cf.
635 2281 783 2331 adfllcn.
804 2281 975 2331 3⁰9·.M¹²·.
1001 2283 1070 2337 1538.
1089 2282 1186 2314 Such.
1216 2285 1270 2332 ξι)
1359 2287 1559 2333 eontrucent
1583 2282 1648 2333 cod..

322 2334 386 2363 555
410 2322 522 2366 (non)
540 2335 570 2365 p.
599 2325 718 2355 Tlmlm
738 2326 745 2339 ‘
761 2325 798 2355 de
815 2331 1014 2356 romumlwo
1055 2337 1085 2366 p.
1105 2336 1145 2365 24
1218 2327 1309 2357 illum
1328 2326 1432 2358 fuisse
1450 2326 1518 2357 cod.
1534 2339 1541 2357 :
1573 2331 1647 2358 lrar.

324 2366 459 2398 Gan-tus
526 2369 557 2398 id
576 2368 651 2400 add.
673 2368 807 2405 Loman
917 2371 981 2409 556
1006 2380 1106 2409 quom
1124 2369 1180 2400 ille
1197 2369 1242 2400 illi
1259 2371 1316 2410 qui
1334 2370 1512 2411 pollicetur
1528 2370 1655 2402 Rt'tsclel

322 2420 384 2449 557
410 2422 552 2451 aequom
571 2411 718 2452 Scyffrrt,
729 2413 810 2452 sort.
829 2417 906 2443 rea-tc
993 2413 1246 2446 adulescentem
1263 2413 1338 2445 Ital.
1355 2425 1362 2444 ε
1386 2414 1649 2446 adulescentiam

322 2454 388 2485 cod.
524 2457 588 2495 558
613 2456 787 2495 denegarit
807 2456 980 2487 Acidalins
1121 2459 1179 2497 561
1210 2457 1266 2489 ille
1284 2458 1419 2498 quidem
1436 2457 1551 2490 hercle
1567 2456 1652 2489 Bn'x
