1747 2740
634 126 984 164 TRINVMMVS
1415 129 1482 166 IV.
1506 127 1535 164 ii

147 238 243 277 mihi
265 240 534 286 concrederet,
548 239 620 277 nisi
644 238 707 277 me
728 238 793 277 ille
814 237 852 276 et
873 251 946 288 ego
968 238 1076 276 illum
1101 252 1257 278 nossem
1281 241 1403 290 probe
1417 242 1485 278 Ρμ
1511 256 1565 287 115

146 306 225 344 CH.
267 305 372 344 enim
408 319 502 344 uero
534 319 607 356 ego
643 319 748 344 nunc
783 306 1052 355 sycophantae
1087 306 1179 344 huic
1211 307 1486 356 sycophantari

1380 374 1484 419 uolo,

146 435 177 473 si
198 437 305 474 hunc
321 449 483 485 possum
506 435 572 474 illo
589 436 695 474 mille
716 449 926 474 nummum
945 435 1173 486 Philippum
1191 436 1487 476 circumducere

57 504 128 548 960
146 502 256 550 quod
277 500 351 539 sibi
374 515 437 540 me
457 501 616 540 dedisse
637 501 745 548 dixit,
770 514 890 551 quem
912 514 986 551 ego
1007 501 1074 551 qui
1097 501 1145 539 sit
1167 503 1289 541 homo
1311 503 1445 541 nescio

146 578 276 616 neque
303 566 428 605 oculis
458 573 549 605 ante
579 567 686 605 hunc
717 566 824 605 diem
855 579 1046 616 umquam
1078 566 1171 605 uidi.
1231 567 1320 606 eine
1346 582 1485 606 aurum

1269 634 1482 680 crederem,

145 696 251 747 quoi,
275 696 306 734 si
330 696 468 747 capitis
496 710 556 735 res
581 697 664 744 siet,
688 699 898 735 nummum
926 710 1145 747 numquam
1174 699 1332 736 credam
1361 700 1484 749 plum-
1508 715 1570 737 120

1336 764 1455 803 beum
1469 766 1485 802 ?

144 826 459 878 adgrediundust
498 827 562 866 hic
602 829 724 867 homo
764 827 817 866 mi
856 828 1125 876 astu-heus,
1165 830 1256 875 Pax,
1293 836 1331 867 te
1370 829 1484 868 tribu’

131 940 134 945 ,
1225 894 1356 933 uerbis
1378 897 1482 934 uolo.

143 959 207 997 Sv.
240 959 303 996 uel
325 958 519 997 trecentis.
581 959 658 999 CH.
692 959 823 997 haben
845 966 886 997 tu
908 958 948 997 id
969 972 1106 997 aurum
1126 960 1234 1009 quod
1255 960 1442 1010 accepisti
1462 974 1485 999 a

1239 1025 1455 1065 Charmide
1470 1028 1486 1065 ?

53 1090 120 1136 965
143 1090 206 1128 ΞΥ.
229 1096 349 1139 atque
366 1088 484 1127 etiam
503 1089 743 1140 Philippum,
760 1097 1011 1128 numeratum
1029 1089 1131 1128 illius
1146 1090 1184 1128 in
1201 1104 1337 1129 mensa
1351 1105 1481 1139 manu,

144 1155 250 1194 mille
266 1169 486 1193 nummum.
539 1156 616 1194 CH.
641 1169 785 1206 nempe
801 1156 853 1193 ab
873 1155 960 1206 ipso
977 1156 1017 1194 id
1034 1156 1220 1206 accepisti
1240 1158 1485 1198 Charmide?

143 1223 206 1261 SY.
241 1220 382 1259 mirum
404 1220 500 1271 quin
520 1221 571 1259 ab
592 1234 669 1259 auo
690 1220 773 1259 eius
797 1228 865 1259 aut
886 1234 1036 1271 proauo
1060 1221 1280 1271 acciperem
1303 1223 1370 1273 qui
1392 1232 1482 1262 sunt
1508 1239 1566 1271 ¹25

707 1337 710 1343 Ι
1324 1289 1478 1328 mortui.

141 1352 220 1392 CH.
252 1353 497 1399 adulescens,
517 1352 717 1390 cedodum
733 1351 832 1390 istuc
846 1365 984 1390 aurum
1008 1352 1114 1390 mihi.
1176 1355 1238 1392 Sv.
1277 1355 1386 1403 quod
1408 1368 1481 1405 ego

1105 1422 1244 1457 aurum
1266 1420 1358 1458 dem
1381 1420 1481 1459 tibi?

141 1484 219 1523 CH.
252 1484 362 1534 quod
382 1497 405 1521 a
426 1497 489 1522 me
510 1491 547 1522 te
568 1482 768 1534 accepisse
794 1484 940 1521 fassu'S.
1001 1485 1064 1522 Sv.
1097 1497 1167 1534 aps
1193 1491 1230 1523 te
1250 1485 1481 1536 accepisse?

1139 1551 1218 1589 CH.
1251 1550 1304 1588 ita
1325 1552 1475 1601 loquor.

50 1623 120 1660 970
140 1616 203 1653 Sv.
234 1614 322 1665 quis
344 1622 385 1653 tu
402 1616 524 1653 homo
541 1617 612 1653 es?
655 1615 733 1654 CH.
767 1614 834 1665 qui
852 1613 958 1653 mille
975 1628 1184 1653 nummum
1203 1615 1273 1654 tibi
1291 1616 1383 1655 dedi
1405 1630 1478 1668 ego

1117 1694 1204 1718 sum
1228 1681 1474 1721 Charmides.

137 1746 201 1784 ΞΥ.
235 1758 364 1796 neque
385 1746 528 1796 edepol
549 1752 590 1783 tu
612 1745 643 1783 is
660 1759 700 1784 es
722 1758 852 1795 neque
873 1745 993 1785 hodie
1015 1745 1045 1784 is
1067 1759 1258 1796 umquam
1280 1747 1364 1795 eris,
1381 1762 1476 1787 auro

1185 1811 1277 1850 huic
1298 1812 1472 1863 quidem.

136 1875 201 1914 abi
222 1875 284 1922 sis,
309 1882 475 1925 nugator
493 1890 499 1913 :
530 1875 665 1925 nugari
686 1876 866 1927 nugatori
887 1877 1073 1926 postulas.
1498 1897 1558 1928 130

136 1942 215 1981 CH.
253 1940 487 1980 Charmides
515 1953 588 1991 ego
610 1954 706 1979 sum.
768 1942 831 1980 Sv.
869 1940 1113 1991 nequiquam
1144 1942 1275 1980 hercle
1305 1956 1357 1990 es,
1381 1956 1473 1980 nam

1157 2007 1253 2045 nihil
1274 2007 1357 2046 auri
1379 2010 1471 2047 fero.

135 2073 252 2112 nimis
272 2079 407 2123 argute
427 2070 526 2124 (me)
546 2072 754 2123 obrepsisti
777 2072 816 2110 in
838 2086 955 2122 eapse
977 2072 1279 2112 occasiuncula:

178 2188 240 2218 957
266 2178 317 2208 vel
331 2177 404 2207 med
508 2188 609 2209 nosse
633 2179 757 2218 aprobe
782 2178 848 2209 cod.
870 2178 916 2211 (A
933 2184 994 2218 pro
1023 2178 1072 2209 Mi
1156 2180 1327 2210 nouissem
1350 2179 1477 2210 Rt'lsclzl

134 2222 286 2263 approbe
305 2220 517 2252 Camerarius
621 2233 686 2262 959
703 2222 855 2263 philippo
872 2223 980 2252 ciuem
1001 2223 1125 2253 ducere
1141 2223 1208 2255 cod.
1227 2235 1233 2253 :
1250 2234 1328 2255 corr.
1346 2223 1475 2254 Ritsclzl

134 2269 196 2305 961
225 2267 301 2297 eine
327 2274 443 2296 aurum
464 2263 677 2297 Camerarius
695 2279 701 2297 z
734 2267 811 2297 eine
835 2267 956 2296 mirum
974 2266 1039 2297 cod.
1063 2266 1165 2307 (MIR
1179 2273 1241 2308 pro
1259 2267 1373 2307 AVR)
1393 2280 1399 2298 :
1439 2269 1469 2298 ei

136 2311 294 2341 nimirum
311 2310 384 2341 Ital.
484 2311 548 2350 965
573 2311 623 2341 vel
644 2311 855 2351 philippeum
884 2311 944 2347 (ita
964 2309 1046 2349 cod.)
1181 2313 1243 2352 967
1269 2312 1349 2350 quin
1368 2311 1469 2343 Jtal.:

135 2355 216 2394 quid
234 2354 296 2385 cod.
430 2356 496 2393 969
520 2360 552 2384 te
571 2365 589 2384 a
606 2365 659 2385 me
676 2355 768 2388 Reiz.
789 2353 921 2384 [Wahler
1043 2364 1108 2393 970
1132 2360 1183 2385 est
1201 2355 1266 2386 cod.
1403 2366 1465 2395 971

136 2399 204 2429 tuis
221 2408 277 2429 ses
299 2397 363 2429 cod.
386 2399 479 2437 (corr.
499 2397 548 2437 D)
660 2409 724 2437 972
748 2398 802 2428 abi
822 2397 1053 2429 Camerarius:
1080 2398 1128 2428 asi
1147 2398 1211 2428 cod.
1325 2410 1388 2438 974
1415 2410 1468 2430 me

135 2441 212 2473 add.
233 2442 379 2473 Ritsclzl:
420 2447 539 2482 argute
558 2441 636 2485 (tu)
653 2442 822 2480 Niemqver
908 2440 1063 2472 obresisti
1080 2441 1145 2472 cod.
