1747 2740
17 394 84 439 485

18 795 88 830 490

19 1123 85 1161 495

23 1451 91 1489 ςοο

25 1778 88 1817 505

594 143 944 182 TRINVMMVS
1387 143 1441 181 11.
1466 142 1512 178 iv

158 271 238 297 non
260 259 392 297 hercle
413 259 489 297 hoc
510 259 637 308 longe,
662 257 736 296 nisi
759 271 822 296 me
843 256 986 309 pugnis
1007 256 1155 296 uicerit.

157 337 256 362 cena
276 324 350 362 hac
370 337 531 362 annona
551 331 609 362 est
631 323 715 362 sine
736 323 855 362 sacris
877 322 1085 362 hereditas.

160 391 234 427 PH.
266 402 421 439 semper
442 396 483 427 tu
505 390 581 427 hoc
603 388 732 435 facito,
758 388 993 435 Lesbonice,
1012 388 1172 439 cogites,
1465 394 1506 433 85

159 453 200 493 id
221 461 430 504 optumum
452 467 537 493 esse
559 461 642 492 tute
663 453 718 492 uti
740 453 792 492 sis
813 461 1027 504 optumus3

158 519 190 558 si
211 519 252 558 id
273 533 458 569 nequeas,
482 520 622 558 saltem
644 527 686 557 ut
707 519 881 570 optumis
903 519 954 558 sis
976 533 1202 571 proxumus.

159 597 266 623 nunc
292 583 574 624 condicionem
600 585 713 632 hanc,
745 597 865 635 quam
894 598 967 636 ego
995 586 1078 624 fero
1105 593 1143 624 et
1167 597 1286 636 quam
1314 596 1384 634 aps
1409 590 1448 622 te

1340 657 1443 701 peto,

160 717 253 756 dare
273 723 393 767 atque
413 715 603 767 accipere,
628 716 862 764 Lesbonice,
887 724 925 756 te
946 718 1050 757 uolo.

160 781 200 821 di
221 781 365 821 diuites
386 789 489 829 sunt,
513 783 611 821 deos
632 783 778 821 decent
799 782 1026 833 opulentiae
1464 792 1507 824 90

159 854 199 886 et
219 846 422 894 factiones,
445 860 584 886 uerum
607 861 679 886 nos
702 847 944 894 homunculi,

160 912 329 951 salillum
350 912 496 951 animai
518 912 585 963 qui
607 927 730 963 quom
753 915 952 964 extemplo
973 913 1188 961 emisimus,

159 992 290 1029 aequo
311 978 520 1018 mendicus
543 986 664 1029 atque
686 979 750 1018 ille
771 979 1110 1029 opulentissumus

161 1052 344 1084 censetur
363 1058 486 1084 censu
506 1045 559 1083 ad
580 1045 876 1083 Accheruntem
898 1052 1086 1084 mortuos.

161 1112 226 1150 ST.
258 1110 401 1149 mirum
422 1110 519 1162 quin
540 1113 582 1149 tii
604 1110 672 1149 illo
693 1118 824 1150 tecum
846 1111 1004 1150 diuitias
1025 1113 1134 1151 feras.
1465 1126 1507 1158 95

161 1177 230 1216 ubi
252 1184 427 1216 mortuos
449 1176 514 1225 sis,
535 1176 589 1215 ita
609 1178 660 1215 sis
682 1184 723 1215 ut
744 1190 892 1215 nomen
913 1178 1028 1216 cluet.

161 1245 236 1282 PH.
269 1257 376 1282 nunc
397 1250 439 1281 ut
459 1242 559 1281 scias
580 1242 643 1281 hic
664 1242 856 1281 factiones
872 1250 992 1293 atque
1012 1256 1109 1293 opes

162 1322 244 1347 non
264 1322 350 1348 esse
371 1322 502 1359 neque
523 1321 595 1347 nos
617 1315 725 1349 tuam
747 1309 954 1359 neglegere
971 1308 1150 1359 gratiam,

162 1374 247 1414 sine
267 1375 362 1414 dote
382 1387 506 1425 posco
527 1381 635 1412 tuam
657 1387 831 1413 sororem
854 1373 947 1413 filio.

163 1453 267 1491 quae
290 1454 351 1480 res
374 1441 476 1479 bene
498 1440 844 1479 uortat—habeon
866 1441 1054 1490 pactam?
1083 1440 1180 1491 quid
1201 1441 1341 1479 taces?
1470 1454 1532 1477 100

163 1507 227 1545 ST.
258 1518 329 1556 pro
350 1505 391 1545 di
411 1505 650 1553 inmortales,
674 1505 955 1544 condicionem
977 1505 1233 1557 quoiusmodi
1251 1509 1258 1545 1

164 1573 241 1610 PH.
271 1571 368 1622 quin
388 1571 690 1610 fabulare—uin
707 1571 790 1609 ?—‘
808 1571 910 1610 bene
931 1579 1072 1619 uortat,
1088 1573 1269 1622 spondeo
1283 1573 1324 1612 ⁷?

163 1639 225 1676 ST.
259 1639 361 1678 eheu
379 1641 385 1677 !
416 1638 485 1677 ubi
506 1651 600 1677 usus
622 1636 676 1675 nil
698 1644 779 1675 erat
799 1638 918 1684 dicto,
947 1639 1149 1688 ‘spondeo
1163 1639 1171 1655 '

163 1704 322 1743 dicebat
340 1719 349 1752 3
379 1717 486 1743 nunc
507 1704 582 1752 hic,
607 1717 729 1754 quom
751 1716 851 1754 opus
877 1710 947 1750 est,
971 1717 1051 1741 non
1072 1703 1157 1754 quit
1177 1703 1320 1743 dicere.

164 1771 235 1808 LE.
268 1783 390 1820 quom
411 1769 617 1808 adfinitate
638 1776 771 1808 uostra
792 1782 855 1807 me
879 1768 1123 1807 arbitramini
1472 1782 1532 1815 105

162 1836 339 1886 dignum,
363 1836 492 1875 habeo
513 1836 638 1883 uobis,
664 1836 807 1883 Philto,
832 1849 1016 1886 magnam
1037 1835 1211 1886 gratiam.

162 1903 232 1941 sed
253 1902 284 1940 si
305 1903 403 1940 haec
425 1915 484 1941 res
505 1902 673 1952 grauiter
694 1903 837 1942 cecidit
860 1901 1023 1941 stultitia
1044 1916 1142 1949 mea,

163 1967 306 2014 Philto,
329 1975 387 2006 est
407 1980 498 2017 ager
518 1968 592 2006 sub
613 1969 710 2007 urbe
731 1969 795 2007 hic
818 1969 934 2008 nobis
952 1984 958 2007 :
994 1981 1084 2006 eum
1107 1967 1214 2007 dabo

162 2034 298 2071 dotem
320 2032 441 2071 sorori
458 2047 466 2079 3
496 2046 588 2071 narn
610 2033 641 2072 is
662 2035 713 2073 de
734 2034 906 2073 stultitiis
929 2034 1026 2073 meis

152 2139 216 2178 485
242 2138 343 2169 facito
361 2137 535 2169 lesbonice
548 2138 613 2169 hoc
630 2139 663 2169 A
800 2141 863 2180 487
891 2151 1001 2181 neque
1018 2141 1204 2172 adsalutem
1222 2141 1256 2172 P
1385 2143 1449 2180 488

110 2188 188 2222 apte
206 2181 240 2212 P
369 2182 435 2222 489
459 2182 612 2222 aspicere
628 2183 661 2213 A
798 2195 864 2224 490
888 2186 987 2215 decet
1004 2183 1038 2214 P
1166 2195 1230 2225 492
1256 2186 1401 2217 satillum
1414 2186 1448 2216 A

110 2225 287 2257 amisimus
303 2225 336 2256 P
453 2236 517 2265 493
542 2226 662 2266 Aeque
679 2227 712 2258 P
841 2239 906 2269 494
931 2229 1164 2259 acherunteP
1281 2240 1343 2269 495
1370 2230 1447 2270 [an]

113 2271 232 2300 mirum
244 2269 332 2301 codd.
349 2271 408 2311 (an
422 2274 485 2309 pro
496 2273 572 2300 nota
586 2271 778 2310 personae&
798 2283 804 2302 :
828 2283 871 2302 an
889 2272 947 2303 del.
964 2272 1040 2303 Ital.
1133 2284 1174 2305 m.
1191 2274 1276 2304 initu
1291 2275 1391 2314 &inito
1403 2274 1447 2304 Bi

112 2314 203 2344 illum
220 2313 254 2344 P
392 2323 456 2352 502
482 2313 556 2354 uin]
573 2315 605 2344 di
622 2314 655 2345 Ρ
799 2325 861 2354 504
887 2316 1046 2347 dicebant
1063 2316 1095 2347 A
1232 2328 1294 2356 505
1320 2329 1392 2348 mea
1420 2318 1453 2348 P

111 2359 175 2398 506
199 2358 271 2388 obis
287 2358 320 2388 A
414 2358 481 2387 filio
499 2357 531 2388 P
547 2358 599 2398 (cs.
619 2357 666 2389 ad
678 2359 758 2398 516)
859 2370 921 2399 507
947 2361 973 2390 si
991 2361 1074 2390 haec
1093 2361 1164 2401 res]
1181 2367 1214 2392 et
1231 2362 1257 2392 si
1277 2361 1408 2392 hercles
1420 2362 1453 2392 P

112 2402 176 2441 508
201 2401 254 2432 hic
271 2412 336 2432 om.
358 2401 391 2431 A
537 2412 600 2441 509
623 2403 764 2433 stultitia
792 2413 865 2435 mea
891 2403 940 2434 P:
974 2404 1101 2434 diuitiis
1131 2406 1214 2435 meis
1238 2405 1355 2446 Bergk,
1382 2404 1449 2436 Leo

113 2445 214 2487 <Gen
238 2444 303 2476 Gel.
321 2445 415 2476 Anz.
437 2456 529 2487 1904,
549 2456 585 2486 p.
602 2448 691 2486 366),
711 2446 767 2477 sed
792 2447 827 2487 cs
847 2447 964 2479 Amer.
982 2447 1105 2486 Jom-n.
1128 2447 1213 2479 Pln'l.
1235 2460 1285 2488 21,
1305 2460 1347 2489 35
