1747 2740
177 116 246 154 IV.
270 115 347 152 viii
692 117 739 155 T.
773 116 954 155 MACCI
986 117 1191 154 PLAVTI

270 241 431 279 quaeso,
453 229 549 267 dum
572 228 773 279 resipiscit.
825 229 893 267 Pv.
915 228 1045 279 capita
1065 228 1165 268 inter
1185 242 1227 268 se
1247 229 1354 268 nimi’
1375 242 1476 269 nexa
1495 229 1604 269 hisce

1442 295 1601 334 habent.

213 374 251 406 25
271 373 350 397 non
373 361 511 409 placet.
571 360 679 397 labra
699 359 750 397 ab
770 358 921 396 labellis
941 360 1061 406 aufer,
1085 367 1215 407 nauta,
1239 373 1336 399 caue
1357 362 1516 399 malum.
1628 375 1714 412 1335

272 427 340 463 PL.
384 426 627 475 temptabam
660 424 851 474 spirarent
884 438 935 462 an
967 438 1060 463 non.
1121 427 1190 464 Pv.
1232 439 1367 465 aurem
1398 428 1603 466 admotam

1418 491 1602 542 oportuit.

271 558 338 594 PL.
371 555 402 594 si
433 555 546 605 magi'
570 555 641 602 uis,
671 568 758 593 eam
789 554 979 594 omittam.
1040 557 1108 594 Pv.
1142 558 1260 595 nolo:
1295 557 1473 596 retineas.
1534 558 1603 595 ΡΑ.

1400 623 1454 661 fio
1476 622 1601 661 miser.

271 688 338 725 ΡΥ.
372 686 473 725 exite
493 694 613 736 atque
633 687 777 725 ecferte
798 687 876 725 huc
897 686 1001 724 intus
1023 687 1158 725 omnia
1178 700 1280 737 quae
1301 687 1363 725 isti
1380 687 1485 726 dedi.

272 754 342 790 ΡΑ.
375 752 492 790 etiarn
515 765 620 790 nunc
642 753 769 789 saluto
790 760 839 798 te,
860 751 973 803 (Lar)
992 751 1203 799 familiaris,
1226 752 1325 803 priu'
1347 766 1466 803 quam
1488 766 1547 792 eo.

211 831 252 862 30
272 816 454 855 conserui
474 830 769 866 conseruaeque
790 830 940 864 omnes,
964 817 1066 855 bene
1087 819 1216 856 ualete
1236 825 1274 856 et
1295 817 1431 865 uiuite,
1630 827 1719 862 1340

272 884 375 921 bene
395 895 544 932 quaeso
564 882 664 920 inter
685 895 756 920 uos
778 882 917 920 dicatis
938 885 1005 922 †et
1027 885 1121 923 mel·
1141 882 1295 933 apsenti
1316 890 1460 922 tamen.

272 949 340 986 ΡΥ.
373 962 454 998 age,
486 947 710 994 Palaestrio,
747 947 856 986 bono
890 947 1025 986 animo
1057 961 1109 987 es.
1184 950 1252 987 ΡΑ.
1290 950 1392 987 eheu
1410 952 1417 987 1
1452 961 1609 999 nequeo

1362 1014 1459 1065 quin
1479 1016 1606 1062 fleam,

272 1093 394 1130 quom
424 1093 494 1130 aps
527 1087 564 1118 te
595 1080 747 1118 abeam.
827 1081 895 1117 ΡΥ.
929 1081 984 1118 fer
1015 1093 1144 1130 aequo
1170 1078 1175 1131 Ι
1201 1079 1346 1118 animo.
1425 1081 1494 1118 ΡΑ.
1526 1079 1609 1118 scio

1128 1157 1202 1195 ego
1223 1145 1320 1195 quid
1341 1146 1476 1184 doleat
1496 1144 1606 1184 mihi.

274 1212 347 1248 PH.
380 1211 449 1248 sed
471 1209 567 1260 quid
588 1211 694 1248 hoc?
723 1223 824 1260 quae
840 1211 930 1248 res?
959 1209 1056 1260 quid
1071 1209 1221 1248 uideo?
1249 1212 1327 1258 lux,
1343 1212 1452 1249 salue
1482 1223 1502 1244 *
1534 1223 1552 1245 *
1587 1225 1606 1246 *

212 1287 250 1319 35
273 1278 339 1313 PL.
375 1288 392 1308 ss
407 1274 563 1327 <salue.>
576 1274 652 1312 iam
668 1274 864 1324 resipisti?
894 1277 968 1312 PH.
993 1275 1172 1325 opsecro,
1188 1288 1308 1324 quem
1323 1276 1505 1324 amplexa
1518 1288 1605 1314 sum
1630 1287 1715 1324 1345

271 1340 505 1379 hominem?
562 1340 657 1390 perii
675 1343 681 1378 ἒ
739 1353 880 1378 sumne
911 1352 984 1390 ego
1015 1340 1123 1389 apud
1159 1341 1254 1378 me?
1323 1342 1390 1378 PL.
1427 1354 1477 1379 ne
1497 1340 1607 1388 time,

1298 1406 1481 1455 uoluptas
1506 1419 1604 1444 mea.

272 1473 340 1510 ΡΥ.
373 1471 469 1522 quid
490 1471 590 1510 istuc
611 1478 669 1510 est
691 1471 852 1521 negoti?
910 1473 979 1509 ΡΑ.
1011 1470 1167 1509 animus
1188 1471 1291 1510 hanc
1317 1472 1439 1510 modo
1463 1471 1527 1510 hic
1553 1485 1610 1510 re-

1428 1536 1604 1587 liquerat.

272 1611 488 1654 metuoque
509 1610 546 1642 et
567 1603 688 1642 timeo
710 1616 760 1642 ne
781 1604 857 1642 hoc
878 1590 1039 1641 tandem
1062 1603 1265 1652 propalam
1287 1603 1353 1640 fiat
1373 1601 1501 1641 nimis.

318 1717 400 1747 1334
438 1707 608 1746 resipiscit
634 1706 733 1736 Itukz
770 1706 910 1745 respicit
943 1705 1008 1737 cod.
1129 1716 1251 1736 nexam
1278 1705 1356 1736 hinc
1382 1705 1485 1737 habet
1516 1705 1609 1738 cod.:

271 1762 350 1782 corr.
370 1751 583 1782 Camerarizts
608 1750 717 1790 (hisce
744 1749 929 1780 Flecketsem
1083 1759 1166 1789 1335
1192 1749 1317 1779 labram
1346 1749 1411 1781 cod.
1514 1750 1611 1782 auser

272 1794 425 1825 Mueller:
453 1794 501 1824 fer
513 1794 578 1825 cod.
675 1798 777 1824 nauta
790 1803 873 1824 caue
891 1803 931 1824 m.
952 1793 1070 1833 Bugge
1085 1793 1188 1833 <malo
1209 1792 1356 1831 Lorenz3
1381 1793 1418 1833 cf
1433 1792 1606 1826 adBaa-h.

271 1840 374 1878 4635:
399 1839 492 1868 inaut
515 1837 699 1868 accmalum
719 1838 775 1876 &ad
800 1837 977 1867 macellum
999 1836 1046 1874 B)
1071 1836 1135 1868 cod.
1163 1835 1232 1877 (vii,
1259 1847 1290 1876 p.
1309 1838 1387 1875 103}
1525 1839 1610 1877 1336

271 1883 417 1922 spiraret
431 1881 644 1912 Camerarius
733 1890 849 1911 aurem
867 1880 1038 1911 admotam
1050 1880 1181 1911 Parcus
1195 1891 1202 1910 :
1226 1890 1293 1911 non
1312 1890 1428 1911 aurem
1443 1882 1514 1922 (aut
1531 1891 1607 1912 eum

271 1926 317 1966 Β)
341 1931 375 1957 at
397 1930 530 1956 nostam
555 1925 619 1956 cod.
640 1937 647 1955 :
679 1935 731 1955 au.
760 1925 936 1963 adpostam
956 1925 998 1965 (35
1016 1923 1082 1954 Leo
1173 1923 1272 1965 [hoc]
1297 1925 1448 1963 oportuit
1463 1924 1496 1955 Β
1513 1926 1609 1966 (3pro

272 1971 370 2009 hop-)
530 1979 610 2008 1337
635 1970 685 2000 vel
698 1978 795 2007 mage
871 1978 944 1998 eam
962 1968 1114 1999 omittam
1128 1967 1276 1998 Ritschl:
1299 1977 1376 1999 amo
1393 1968 1521 1998 mittam
1539 1968 1606 2000 cod.

272 2014 416 2044 retineat
431 2012 496 2044 cod.
555 2014 598 2044 fio
610 2013 754 2052 Kayser:
781 2013 823 2042 sso
835 2011 900 2042 cod.
972 2016 1034 2042 ret.
1059 2012 1116 2043 Ρι..
1136 2012 1283 2042 omisero
1295 2012 1339 2052 (ζ’)
1356 2010 1423 2042 Leo
1526 2022 1608 2051 1339

275 2058 339 2088 Lar
358 2057 433 2088 add.
450 2057 552 2087 Bothe
619 2067 659 2087 eo
679 2056 752 2086 Ital.
770 2067 776 2086 :
803 2066 862 2086 ero
879 2056 944 2086 cod.
1085 2065 1164 2095 1341
1181 2055 1262 2095 sort.
1285 2055 1328 2086 de
1348 2056 1424 2086 med
1442 2055 1491 2086 vel
1505 2056 1605 2087 etiam

276 2111 327 2131 me
346 2102 399 2131 'mi
413 2100 559 2132 Palmcrl
700 2111 780 2140 1342
805 2106 857 2131 est
874 2100 940 2131 cod.
1035 2101 1101 2130 heu
1118 2099 1182 2131 cod.
1277 2110 1388 2139 neque
1403 2100 1605 2139 quintquiin

276 2144 362 2174 ΡΨ)
379 2146 455 2175 tleat
467 2144 531 2175 cod.
549 2156 555 2175 z
581 2156 658 2176 corr.
678 2145 752 2176 Jml.
905 2154 986 2184 1343
1010 2143 1184 2186 (quaeso)
1199 2154 1308 2183 aequo
1326 2142 1604 2181 Mueller(Rhcin.

276 2187 362 2219 Mus.
382 2189 524 2228 54,401)
594 2190 675 2229 soi-l.
696 2191 761 2220 ted.
785 2215 790 2221 .
811 2214 816 2220 .
835 2200 888 2220 an.
910 2199 1018 2228 aequo
1174 2197 1254 2226 1344
1279 2197 1366 2227 quae
1383 2197 1438 2218 res
1452 2186 1605 2227 Soffcrt:

276 2233 388 2271 queris
408 2232 473 2263 cod.
609 2235 688 2272 quid
703 2233 776 2264 Ital.
795 2245 802 2264 z
827 2233 915 2272 quod
933 2231 996 2263 cod.
1113 2231 1194 2274 (PL.
1221 2237 1254 2262 et
1278 2236 1324 2267 tu,
1344 2231 1400 2261 lux
1428 2230 1525 2271 mea)
1541 2229 1607 2261 Lso

282 2285 361 2314 1345
387 2274 450 2317 (Et
468 2282 502 2306 tu
520 2277 635 2319 salue)
653 2279 716 2308 iarn
734 2276 903 2316 Nt'emqvcr
920 2276 976 2315 xiii.
1002 2285 1013 2305 1
1025 2277 1053 2304 1Ν
1143 2275 1194 2305 vd
1212 2274 1383 2315 resipistin
1473 2272 1608 2315 <Philo-

278 2320 458 2349 comasium
472 2320 504 2362 ἶ)
530 2321 594 2351 ΡΗ.
618 2321 813 2357 Ritschloii.
831 2322 863 2350 ’.ἢ
985 2319 1066 2357 1348
1088 2324 1120 2349 et
1139 2318 1232 2350 Ital.:
1253 2324 1286 2349 ut
1299 2317 1366 2349 cod.
1433 2318 1608 2359 propalam

279 2362 492 2394 Camerarius
507 2376 512 2395 :
539 2365 666 2405 proalla
684 2364 820 2404 gproilla
834 2363 879 2402 Β)
896 2361 963 2396 cod.
