1747 2740
401 320 695 385 MILES
748 315 1282 383 GLORIOSVS

540 555 1074 603 ARGVMENTVM
1128 557 1147 604 I

335 689 586 729 Meretricem
608 690 776 728 Athenis
799 691 1003 740 Ephesum
1026 690 1137 729 miles
1158 690 1301 730 avehit.

337 756 386 794 Id
406 757 503 794 dum
524 769 590 794 ero
610 755 759 794 amanti
781 769 913 794 servos
935 755 1115 795 nuntiare
1130 758 1212 796 volt

336 821 487 872 Legato
508 835 677 872 peregre,
702 820 809 871 ipsus
831 829 986 871 captust
1008 821 1047 859 in
1068 821 1165 860 mari

336 887 389 925 Et
409 886 538 925 eidem
560 886 614 924 illi
636 886 749 925 militi
771 888 880 925 dono
901 888 1044 925 datust.

337 951 468 990 Suom
488 952 648 990 arcessit
669 965 778 990 erum
801 952 969 990 Athenis
991 959 1029 990 et
1049 954 1149 991 forat
1530 967 1549 999 5

338 1016 516 1056 Geminis
537 1030 793 1055 communem
817 1018 917 1054 clam
940 1017 1127 1067 parietem
1149 1017 1188 1055 in
1209 1017 1386 1064 aedibus,

338 1082 477 1121 Licere
498 1090 540 1120 ut
561 1081 688 1132 quiret
710 1081 922 1120 convenire
943 1082 1178 1120 amantibus.

339 1148 602 1187 Obhaerentis
624 1155 756 1186 custos
780 1149 853 1186 hos
875 1148 982 1187 videt
1003 1150 1053 1187 de
1075 1149 1226 1198 tegulis,

337 1214 535 1254 Ridiculis
555 1221 700 1261 autern,
724 1213 836 1264 quasi
858 1213 906 1251 sit
926 1213 1011 1260 alia,
1035 1213 1192 1252 luditur.

338 1281 520 1331 Itemque
542 1279 708 1330 impellit
731 1279 894 1318 militem
918 1279 1131 1318 Palaestrio
1534 1296 1572 1318 10

339 1346 538 1385 omissam
560 1345 676 1383 faciat
697 1345 974 1393 concubinam,
999 1345 1160 1395 quando
1181 1344 1217 1384 ei

337 1411 458 1450 Senis
479 1410 596 1449 vicini
618 1410 751 1460 cupiat
771 1424 867 1449 uxor
889 1410 1048 1449 nubere.

337 1477 453 1515 Vltro
473 1478 589 1515 abeat
611 1484 705 1524 orat,
728 1477 852 1515 donat
873 1478 1006 1514 multa.
1068 1475 1150 1525 ipse
1171 1475 1211 1514 in
1232 1476 1355 1514 domo

337 1542 459 1582 Senis
481 1543 698 1593 prehensus
719 1555 867 1592 poenas
890 1554 959 1592 pro
981 1542 1150 1580 moecho
1171 1541 1253 1579 luit.

220 1660 239 1688 3
264 1652 400 1689 capsust
418 1659 495 1679 corr.
512 1652 597 1678 -tust
615 1646 679 1677 cod.
700 1650 736 1676 ut
752 1646 813 1677 vid.
947 1655 967 1686 5
991 1644 1153 1688 (servos)
1170 1656 1264 1676 erum
1280 1644 1367 1688 (ab)
1378 1645 1513 1676 Ribbeck

176 1694 198 1723 6
221 1693 305 1723 ciam
331 1692 396 1723 cod.
430 1694 522 1729 (corr.
546 1690 610 1729 32)
751 1701 768 1730 7
794 1691 912 1720 liceret
941 1689 1006 1720 cod.
1140 1691 1160 1720 8
1185 1690 1361 1721 Oberrans
1377 1689 1513 1728 Rz'tsclzl,

177 1737 230 1767 cm'
251 1737 469 1767 obhaerentis
497 1735 639 1775 dzsplt'cet
762 1745 783 1773 9
809 1734 951 1764 ridicule
977 1734 1004 1764 is
1024 1733 1158 1774 Seyffert
1247 1734 1418 1765 deluditur
1438 1733 1513 1763 PCD

181 1790 214 1810 11
241 1790 272 1819 q.
293 1781 324 1811 ei
342 1779 408 1810 3²:
434 1790 465 1818 q.
495 1779 545 1810 cel
573 1778 639 1810 cod.
669 1778 742 1819 (pro
761 1788 792 1818 q.
812 1778 886 1816 eei;
919 1778 974 1809 vix
994 1778 1150 1817 quandoc
1168 1777 1213 1818 ei)
1352 1788 1390 1817 13
1415 1778 1514 1808 modo

178 1824 242 1855 cod.
265 1826 357 1865 (corr.
379 1822 444 1865 5⁸²)

227 2525 346 2549 ΡιΑντ.
365 2524 391 2547 11
1404 2505 1421 2536 1
