1747 2740
143 141 172 179 ‘J
601 141 648 178 T.
682 139 863 178 MACCI
896 139 1100 177 PLAVTI

188 248 335 287 STRAT.
369 247 518 297 respice
539 260 653 296 ergo:
685 246 820 296 accipe
843 247 919 284 hoc
941 245 1007 295 qui
1030 246 1129 283 istuc
1150 243 1305 283 ecficias
1325 256 1438 295 opus.

189 316 263 352 PH.
287 315 399 360 cedo,
415 325 657 363 quamquam
675 325 811 362 parum
829 319 897 350 est.
941 314 1089 349 STRAT.
1106 311 1179 350 †ad
1197 323 1340 348 omnae
1356 311 1525 349 manuc†
1543 322 1615 359 91σ

951 376 1051 414 istuc
1072 384 1170 426 post.
1231 377 1305 413 PH.
1337 381 1523 425 parumst.

191 447 338 483 STRAT.
372 452 440 482 tuo
460 442 647 481 arbitratu
664 443 773 492 quod
790 442 945 481 iubebis
962 441 1130 480 dabitur.
1171 442 1222 480 da
1238 453 1344 478 nunc
1359 438 1524 478 sauium.

130 527 172 549 20
192 511 267 547 PH.
292 508 402 546 mitte
424 522 497 554 me,
518 507 691 558 inquam,
708 507 893 546 odiosu's.
953 509 1102 546 STRAT.
1126 505 1222 544 nihil
1237 506 1289 551 fit,
1310 518 1390 543 non
1403 517 1525 550 amor,

1277 569 1411 608 teritur
1431 568 1526 608 dies.

191 640 280 690 plus
301 639 440 677 decem
462 637 799 688 pondo—amoris
821 636 1071 687 pauxillisper
1092 634 1256 686 perdidi.

194 707 268 743 PH.
292 704 429 754 accipe
450 705 526 742 hoc
547 711 666 753 atque
681 704 834 741 auferto
851 702 964 741 intro.

722 771 869 807 STRAss.
904 767 971 806 ubi
989 780 1077 806 mea
1097 766 1225 805 amica
1244 773 1302 805 est
1322 765 1530 817 gentium?

195 849 324 886 neque
345 834 420 873 ruri
442 848 572 884 neque
593 833 656 872 hic
677 833 806 884 operis
827 832 1040 883 quicquam
1062 832 1174 879 facio,
1192 844 1421 881 corrumpor
1439 830 1528 877 situ,
1549 841 1615 878 915

194 902 248 940 ita
268 901 384 940 miser
404 901 591 939 cubando
612 899 650 937 in
672 901 775 937 lecto
796 898 860 937 hic
880 899 1148 948 exspectando
1168 896 1349 936 obdurui.

138 988 176 1019 ²5
196 969 266 1006 sed
296 979 431 1005 eccam
461 965 592 1004 uideo.
650 966 749 1003 heus
778 964 917 1011 amica,
949 963 1046 1014 quid
1075 962 1189 1014 agis?
1256 964 1403 1001 STRAT.
1444 960 1532 1011 quis

1173 1027 1251 1066 illic
1270 1026 1365 1079 (est)
1383 1027 1534 1065 homo?

197 1100 272 1137 PH.
305 1097 424 1148 quem
445 1110 518 1147 ego
539 1103 692 1135 ecastor
712 1108 825 1146 mage
851 1108 943 1133 amo
964 1107 1084 1145 quam
1112 1101 1160 1132 te.
1234 1094 1383 1132 STRAT.
1415 1105 1533 1142 quam

573 1163 665 1200 me?
720 1160 815 1212 (PH.
847 1174 966 1211 quam
987 1168 1036 1199 te.
1096 1157 1266 1210 STRAT.>
1284 1171 1365 1209 quo
1385 1159 1537 1196 modo?

199 1231 273 1268 PH.
307 1230 383 1267 hoc
413 1229 536 1266 modo
566 1235 607 1265 ut
640 1228 829 1265 molestus
859 1240 909 1265 ne
939 1226 1001 1264 sis.
1061 1227 1210 1264 STRAT.
1243 1221 1409 1276 iam<ne)
1437 1222 1533 1271 abis,

989 1298 1202 1342 postquam
1221 1302 1360 1327 aurum
1382 1288 1504 1327 habes
1520 1289 1537 1327 ?

199 1362 276 1398 PH.
306 1358 469 1398 condidi
508 1358 610 1396 intro
645 1358 754 1408 quod
789 1356 944 1395 dedisti.
1005 1357 1152 1395 STRAB.
1184 1356 1291 1402 ades,
1322 1354 1460 1402 amica,
1496 1361 1535 1393 te
1553 1368 1623 1404 920

1328 1422 1532 1471 adloquor.

201 1493 276 1530 PH.
299 1499 339 1529 at
354 1504 427 1540 ego
443 1491 493 1528 ad
510 1497 548 1528 te
565 1489 684 1534 ibam,
702 1501 790 1526 mea
804 1487 956 1526 delicia.
994 1487 1143 1525 STRAB.
1167 1485 1298 1525 hercle
1306 1498 1406 1524 *uero
1419 1485 1533 1532 serio,

143 1574 182 1605 30
201 1569 443 1608 quamquam
464 1568 537 1605 ego
558 1555 627 1593 tibi
649 1553 787 1592 uideor
807 1555 960 1599 stultus,
983 1553 1154 1602 gaudere
1174 1551 1294 1601 aliqui
1316 1564 1379 1589 me
1399 1551 1492 1588 uolo
1509 1565 1519 1597 ;

201 1636 292 1661 nam
309 1633 551 1672 quamquam
569 1633 609 1658 es
626 1620 738 1666 bella,
756 1620 860 1657 malo
882 1626 923 1656 tu
945 1626 1024 1665 tuo,
1042 1617 1115 1655 nisi
1136 1630 1210 1667 ego
1229 1616 1350 1666 aliqui
1369 1617 1534 1666 gaudeo.

202 1690 276 1727 PH.
309 1687 376 1726 uin
406 1694 444 1725 te
473 1687 701 1737 amplectar,
728 1685 881 1723 sauium
907 1685 1030 1723 dem?
1086 1685 1233 1722 STRAB.
1265 1681 1425 1733 quiduis
1453 1682 1538 1720 sace

1209 1747 1314 1802 (qui)
1331 1749 1536 1799 gaudeam.

246 1869 312 1900 909
335 1858 484 1901 (atque)
502 1859 619 1898 accipe
636 1858 741 1889 Bothe
830 1859 894 1889 hoc
916 1857 1005 1900 (sis)
1025 1857 1168 1898 Spengel
1257 1855 1462 1897 [ex]efficias
1471 1855 1538 1887 cod.

205 1904 231 1940 (‘
244 1903 307 1934 scil.
326 1904 421 1933 varia
439 1903 524 1933 lectio
540 1902 679 1933 exficias
692 1904 699 1915 ¹
722 1902 799 1932 1,ροῖ
936 1913 1001 1941 910
1024 1902 1146 1932 addam
1163 1911 1262 1932 unam
1280 1901 1404 1931 minam
1417 1899 1539 1930 Bothe:

195 1947 276 1986 fort.
295 1947 384 1976 addo
409 1947 530 1976 minam
559 1946 659 1976 etiarn
688 1947 784 1984 (Lem
813 1947 884 1978 auri
910 1947 963 1986 (cs.
992 1945 1040 1976 ad
1063 1957 1092 1976 v.
1125 1946 1205 1984 8363
1304 1945 1389 1974 istuc
1414 1943 1539 1974 Bothe:

207 1991 282 2021 istic
308 1990 372 2020 cod.
465 1995 562 2030 poste
588 1989 655 2021 cod.
686 1998 689 2014 s
701 1991 840 2030 antiqua
866 1991 1016 2028 forma&
1150 1999 1212 2029 911
1239 1989 1373 2019 dabitur
1396 1987 1537 2018 Goeller:

205 2035 359 2065 adabitur
377 2033 443 2065 cod.
464 2035 510 2071 (ii.
532 2038 565 2074 75
587 2035 778 2065 raddabitur
796 2033 882 2064 PCDN
997 2043 1060 2072 913
1085 2033 1211 2063 amoris
1226 2031 1316 2063 codd.
1334 2031 1437 2062 Nonii
1454 2041 1512 2071 ¹55
1530 2042 1537 2061 ι

206 2079 308 2109 moris
327 2078 392 2108 cod.
475 2078 673 2118 pausilliper
690 2078 755 2109 cod.
869 2077 1013 2115 perdidit
1033 2075 1121 2107 coda(
1143 2076 1247 2107 Nonii
1397 2085 1458 2114 914
1484 2085 1538 2106 me

205 2132 267 2153 am.
288 2132 316 2152 e.
338 2122 485 2153 centium
503 2123 567 2154 cod.
684 2133 748 2161 915
773 2123 861 2153 sacto
877 2121 943 2152 cod.
1066 2131 1128 2159 917
1154 2121 1292 2151 amicam
1311 2130 1341 2159 q.
1361 2130 1390 2150 a.
1412 2119 1536 2161 [mille]

206 2165 270 2196 cod.
289 2168 537 2206 (propersonae
553 2167 645 2197 titulo
665 2166 821 2197 MlLl-:Sx
927 2170 979 2195 est
997 2164 1072 2195 add.
1097 2163 1201 2195 le'se
1351 2163 1416 2202 918
1439 2173 1538 2202 mage

206 2208 280 2240 Ital.
295 2221 300 2239 :
325 2219 389 2248 age
406 2210 472 2241 cod.
543 2221 618 2242 amo
634 2210 786 2251 (multo)
806 2209 942 2239 Gm'etus
1010 2219 1108 2248 quarn
1127 2214 1161 2239 te
1178 2207 1253 2238 add.
1271 2206 1373 2239 Bothe
1473 2216 1539 2246 919

207 2263 265 2284 -ne
283 2253 358 2285 add.
383 2254 519 2285 Guictus
605 2263 671 2293 920
695 2254 790 2284 adest
806 2252 887 2286 cod..
902 2251 988 2282 unde
1003 2253 1165 2282 adesdum
1184 2250 1321 2281 Inueller
1333 2250 1467 2289 (Herm.
1482 2261 1535 2289 34,

207 2302 287 2337 339]
389 2308 450 2338 921
479 2298 533 2328 ibo
551 2298 592 2328 ad
611 2297 784 2328 medelicia
801 2295 867 2327 cod.
885 2307 892 2326 z
915 2306 990 2326 corr.
1011 2299 1085 2336 post
1105 2295 1285 2335 Angelimn
1302 2298 1332 2325 et
1346 2293 1538 2324 An'dalium

206 2340 349 2382 Spengel
493 2351 558 2381 923
582 2346 632 2371 est
650 2340 714 2371 cod.
733 2341 783 2381 (cs
801 2340 833 2369 A
840 2350 916 2370 mer.
933 2339 1054 2377 Journ.
1075 2338 1162 2370 Pln'l.
1183 2348 1232 2377 17,
1251 2339 1330 2377 443)
1417 2342 1451 2368 tu
1464 2340 1540 2378 post

209 2386 270 2415 nisi
288 2384 353 2416 cod.
376 2385 424 2425 (ii.
443 2384 475 2421 2)
491 2397 498 2415 t
523 2385 585 2414 lmc
597 2385 789 2424 transposui
804 2395 805 2400 ¹
819 2383 863 2414 iii.
881 2385 912 2412 Η
928 2394 935 2412 :
955 2386 1030 2423 post
1048 2392 1085 2411 es
1101 2380 1229 2412 Schoell
1309 2382 1400 2412 tuo’s
1414 2380 1540 2411 Partus

207 2440 271 2469 924
297 2430 409 2460 uincte
422 2428 486 2459 cod.
557 2428 744 2469 amplectar
762 2427 827 2468 [et]
847 2426 914 2457 cod.
931 2438 937 2456 ι
960 2436 1038 2455 corr.
1059 2425 1181 2456 Goeller
1245 2425 1301 2464 qui
1318 2423 1395 2455 add.
1417 2424 1543 2466 Ussing
