1747 2740
511 168 683 208 MILES
716 168 1031 208 GLORIOSVS
1361 169 1438 208 III.
1460 170 1506 208 iii

19 279 82 324 885
107 281 175 317 PE.
207 287 246 318 at
267 292 385 318 nemo
405 280 512 318 solus
533 279 616 317 sati'
639 279 750 329 sapit.
813 293 904 317 nam
927 292 1000 329 ego
1023 280 1166 317 multos
1188 292 1304 329 saepe
1326 278 1408 317 uidi

105 343 304 394 regionem
325 345 458 394 fugere
479 344 618 383 consili
640 344 738 395 priu'
760 358 879 394 quam
902 352 1095 395 repertam
1117 345 1317 383 haberent.

104 411 176 448 Ac.
209 409 239 448 si
260 409 357 460 quid
378 409 608 449 faciundum
630 417 689 448 est
712 409 864 448 mulieri
887 411 989 448 male
1009 418 1128 460 atque
1150 409 1353 455 malitiose,

104 488 150 513 ea
170 474 243 512 sibi
264 474 481 513 inmortalis
503 474 730 513 memoriast
751 474 978 514 meminisse
999 482 1037 513 et
1058 474 1296 525 sempiterna
1311 490 1322 523 3
1464 486 1497 517 15

105 539 165 578 sin
188 539 290 578 bene
311 539 407 589 quid
427 547 495 578 aut
516 539 683 579 fideliter
705 539 984 587 faciundumst,
1008 553 1055 579 eo
1078 539 1298 579 deueniunt

18 609 88 654 890
106 604 324 644 Obliuiosae
344 607 543 656 extemplo
565 605 620 644 uti
643 607 749 653 fiant,
774 605 1000 644 meminisse
1022 613 1236 656 nequeunt.

106 674 173 710 PE.
206 685 298 722 ergo
325 671 425 711 istuc
453 680 602 721 metuo,
623 686 745 723 quom
768 671 877 711 uenit
902 672 1017 711 uobis
1042 672 1273 711 faciundum
1295 680 1440 711 utrum-

1337 751 1438 788 que:

102 815 193 840 nam
215 801 255 841 id
276 801 450 852 proderit
471 802 578 850 mihi,
602 802 714 841 militi
738 803 839 841 male
860 804 969 853 quod
991 802 1139 841 facietis
1160 803 1312 841 ambae.

102 868 174 906 Ac.
207 869 303 906 dum
325 868 545 907 nescientes
567 869 675 918 quod
697 869 848 907 bonum
871 868 1070 915 faciamus,
1095 882 1144 907 ne
1165 868 1342 907 formida.
1458 879 1500 901 ²0

0 942 80 979 945
103 934 171 971 PE.
204 934 307 971 mala
342 933 447 972 mille
482 947 617 973 meres.
677 936 750 972 Ac.
783 941 816 972 st
834 937 840 971 l
881 948 930 972 ne
964 947 1076 983 paue,
1113 933 1313 984 peioribus
1348 947 1439 972 con-

1260 999 1437 1037 ueniunt.

103 1064 173 1102 PE.
205 1062 258 1102 ita
287 1077 358 1102 uos
388 1065 513 1103 decet.
574 1063 875 1114 consequimini.
936 1065 1005 1102 ΡΑ.
1039 1078 1151 1103 cesso
1179 1078 1251 1114 ego
1279 1064 1352 1103 illis
1373 1064 1442 1103 ob-

1245 1129 1349 1168 uiam
1371 1129 1436 1169 ire.

102 1194 238 1234 uenire
257 1197 409 1234 saluom
430 1197 596 1246 gaudeo,
620 1195 751 1246 lepide
773 1196 903 1234 hercle
925 1203 1085 1233 ornatus
1109 1193 1305 1247 [in]cedis.

103 1260 170 1297 PE.
205 1259 306 1298 bene
345 1269 649 1311 opportuneque
669 1260 850 1299 ‚obuiam
889 1274 942 1307 es,
980 1260 1204 1299 Palaestrio.
1265 1275 1328 1299 em
1368 1260 1438 1299 tibi

1293 1326 1438 1364 adsunt

100 1402 198 1439 quas
215 1403 279 1429 me
295 1389 439 1429 iussisti
453 1392 652 1430 adducere
667 1398 705 1429 et
719 1404 799 1441 quo
816 1398 966 1429 ornatu.
1002 1392 1070 1428 ΡΑ.
1094 1393 1161 1429 eu!
1189 1398 1323 1429 noster
1339 1399 1434 1429 esto.
1460 1402 1499 1434 25

14 1465 81 1500 900
101 1455 315 1494 Palaestrio
337 1456 651 1494 Acroteleutium
673 1458 825 1494 salutat.
887 1459 960 1494 Ac.
993 1455 1081 1506 quis
1102 1455 1165 1494 hic
1186 1456 1330 1494 amabo
1351 1463 1410 1494 est

98 1520 167 1571 qui
188 1529 267 1558 tam
288 1535 359 1571 pro
381 1530 475 1560 nota
490 1522 670 1561 nominat
691 1523 784 1560 me?
833 1523 901 1559 PE.
935 1521 998 1560 hic
1017 1530 1149 1560 noster
1168 1521 1433 1560 architectust.

98 1588 171 1625 Ac.
205 1588 322 1634 salue,
346 1587 570 1627 architecte.
633 1590 701 1626 ΡΑ.
735 1589 844 1627 salua
864 1587 926 1626 sis.
982 1589 1052 1626 sed
1073 1587 1137 1626 dic
1160 1587 1266 1635 mihi,
1291 1587 1435 1638 ecquid

1314 1652 1377 1691 hic
1399 1661 1436 1691 te

141 1756 206 1786 886
238 1762 406 1797 repertam
442 1757 606 1788 haberent
636 1757 770 1795 (-buere
804 1756 1009 1797 Palmerz'us)
1042 1756 1191 1795 Pylades,
1224 1755 1435 1786 Lambmus:

98 1805 232 1840 reperta
259 1801 385 1832 habere
418 1801 484 1833 cod.
632 1802 696 1832 888
721 1801 932 1832 meminisset
964 1806 997 1831 et
1029 1801 1094 1832 cod.
1126 1801 1179 1841 (qs.
1214 1800 1262 1830 ad
1288 1811 1316 1831 v.
1354 1802 1435 1839 223)

97 1843 161 1883 889
186 1845 265 1884 quid
280 1850 337 1875 aut
352 1846 582 1877 Camerarius:
610 1845 700 1886 [aut]
727 1846 807 1885 quid
832 1852 888 1876 aut
906 1845 972 1875 cod.
992 1845 1050 1885 (iv.
1070 1847 1107 1883 3)
1199 1844 1388 1875 faciundum
1406 1844 1434 1875 si

97 1889 170 1927 (pro
182 1888 424 1922 faciundumst}
442 1891 559 1920 cadem
578 1890 719 1920 ueniunt
736 1889 802 1920 cod.
819 1901 825 1920 ε
850 1899 926 1919 corr.
950 1889 1180 1919 Camerarius:
1208 1888 1434 1919 faciundumst

96 1932 236 1962 eaedem
251 1933 387 1964 eueniet
406 1933 551 1964 Ritsclel:
583 1933 775 1964 faciundum
802 1934 930 1964 eisdem
956 1933 1071 1963 ueniat
1096 1931 1183 1963 Lco:
1210 1932 1435 1962 faciundumst

95 1975 234 2006 eaedem
263 1978 403 2008 ueniunt
431 1976 600 2017 Niemeyer
712 1978 776 2017 890
793 1977 842 2008 vel
857 1977 1052 2016 extempulo
1071 1982 1104 2006 ut
1124 1980 1176 2015 (ut
1192 1975 1273 2012 cod.)
1323 1986 1434 2015 neque

95 2024 177 2050 eunt
194 2019 269 2050 pet>
389 2022 449 2060 891
476 2032 573 2060 quom
592 2021 749 2052 Mueller:
773 2031 839 2060 quo
857 2020 923 2051 cod.
1039 2021 1102 2059 892
1128 2020 1222 2050 militi
1239 2019 1432 2050 Aa'dalius:

94 2063 211 2094 militia
236 2063 301 2095 cod.
467 2066 531 2104 893
555 2066 644 2104 quod
659 2065 720 2106 (NB)
737 2066 786 2095 vel
800 2065 880 2104 quid
902 2064 1004 2105 (pen)
1024 2063 1090 2094 cod.
1183 2064 1343 2094 faciemus
1360 2063 1434 2093 PCD

92 2107 141 2137 vel
155 2107 233 2137 dum
249 2119 291 2138 ne
303 2108 543 2148 scientesquid
647 2111 722 2148 894,
742 2110 805 2148 895
824 2109 908 2138 mala
928 2108 1016 2138 milla
1034 2118 1106 2138 mer
1122 2112 1173 2138 cst
1191 2108 1295 2148 (mala
1313 2107 1433 2138 mulier

94 2155 146 2180 est
165 2150 208 2189 B)
227 2151 288 2182 Ac.
311 2163 354 2182 ne
373 2158 473 2192 pauet
491 2152 555 2184 cod.
574 2164 579 2182 :
605 2153 729 2183 correxi
745 2153 778 2192 (i,
799 2163 820 2192 p
842 2153 899 2193 30)
976 2152 1026 2182 vel
1043 2152 1122 2182 mill*
1216 2151 1300 2181 mala
1313 2151 1433 2181 mulier

94 2204 182 2225 mers
199 2200 250 2226 est
268 2195 398 2235 Bentltjv
547 2198 609 2235 897
629 2207 755 2227 uenere
773 2196 838 2227 cod.
932 2196 1025 2226 cedis
1052 2195 1154 2225 Bothe
1170 2207 1176 2225 1
1214 2195 1341 2225 incedit
1366 2194 1429 2226 cod.

93 2237 156 2277 898
177 2238 242 2270 Pal.
260 2240 330 2281 em]
350 2240 568 2279 palestridem
585 2240 651 2271 cod.
764 2241 827 2279 899
845 2251 897 2270 me
915 2239 988 2270 Ital.
1007 2252 1012 2269 :
1038 2250 1077 2268 ne
1095 2238 1161 2270 cod.
1208 2239 1378 2269 adducere
1396 2244 1429 2268 ct

94 2292 159 2319 quo
172 2282 242 2314 Ital.
261 2295 268 2314 ε
291 2284 472 2314 adduceret
490 2290 523 2314 et
540 2295 626 2323 equo
643 2284 709 2315 cod.
803 2290 878 2314 esto
896 2283 967 2314 Ital.
988 2295 992 2313 :
1019 2284 1089 2313 esio
1107 2282 1171 2313 sod.
1288 2293 1353 2321 900
1370 2283 1426 2321 qui

93 2325 140 2356 sic
156 2327 254 2357 ambo
265 2333 316 2358 cst
327 2327 392 2358 cod.
413 2340 418 2358 :
443 2338 523 2358 corr.
539 2327 752 2358 Carum-arras
882 2338 942 2366 901
972 2326 1095 2366 quidB
1185 2331 1295 2357 notam
1324 2328 1427 2357 minat

93 2369 218 2407 (mittat
234 2370 281 2403 Β)
303 2376 413 2401 notam
434 2372 490 2402 PE,
512 2372 585 2402 eliic
606 2373 674 2411 (hic
698 2371 744 2412 B)
764 2371 830 2402 cod.
849 2383 855 2402 ε
880 2383 957 2402 corr.
980 2371 1068 2409 Ital„
1095 2370 1230 2401 (tuiz-ms
1362 2381 1427 2410 902

91 2413 300 2445 saluasissiet
327 2416 434 2455 (salua
459 2416 487 2446 si
512 2417 559 2447 sis
587 2421 620 2446 ct
649 2416 695 2456 B)
725 2415 814 2447 ‹·0d.:
852 2427 928 2446 corr.
959 2415 1032 2445 Ital.

137 2477 254 2499 PLAVT.
277 2479 301 2500 11
1322 2470 1340 2500 ⁴*
