<?xml version="1.0" encoding="UTF-8"?>
<!DOCTYPE html PUBLIC "-//W3C//DTD XHTML 1.0 Transitional//EN"
    "http://www.w3.org/TR/xhtml1/DTD/xhtml1-transitional.dtd">
<html xmlns="http://www.w3.org/1999/xhtml" xml:lang="en" lang="en">
 <head>
  <title>
</title>
<meta http-equiv="Content-Type" content="text/html;charset=utf-8" />
  <meta name='ocr-system' content='tesseract 3.04.00' />
  <meta name='ocr-capabilities' content='ocr_page ocr_carea ocr_par ocr_line ocrx_word'/>
</head>
<body>
  <div class='ocr_page' id='page_1' title='image "./comoediaerecogno02plau_0180.png"; bbox 0 0 1747 2740; ppageno 0'>
   <div class='ocr_carea' id='block_1_1' title="bbox 172 143 1175 184">
    <p class='ocr_par' dir='ltr' id='par_1_1' title="bbox 172 143 1175 184">
     <span class='ocr_line' id='line_1_1' title="bbox 172 143 1175 184; baseline 0.002 -3"><span class='ocrx_word' id='word_1_1' title='bbox 172 143 280 181; x_wconf 90' lang='lat' dir='ltr'>11.v</span> <span class='ocrx_word' id='word_1_2' title='bbox 675 144 721 182; x_wconf 89' lang='grc' dir='ltr'>Τ.</span> <span class='ocrx_word' id='word_1_3' title='bbox 755 145 937 184; x_wconf 86' lang='lat' dir='ltr'><strong>MACCI</strong></span> <span class='ocrx_word' id='word_1_4' title='bbox 970 144 1175 183; x_wconf 91' lang='lat' dir='ltr'><strong>PLAVTI</strong></span> 
     </span>
    </p>
   </div>
   <div class='ocr_carea' id='block_1_2' title="bbox 195 254 1672 685">
    <p class='ocr_par' dir='ltr' id='par_1_2' title="bbox 195 254 1672 685">
     <span class='ocr_line' id='line_1_2' title="bbox 252 254 1586 306; baseline 0.001 -14"><span class='ocrx_word' id='word_1_5' title='bbox 252 262 371 304; x_wconf 84' lang='lat' dir='ltr'>atque</span> <span class='ocrx_word' id='word_1_6' title='bbox 379 254 452 304; x_wconf 75' lang='lat' dir='ltr'>ego</span> <span class='ocrx_word' id='word_1_7' title='bbox 469 268 587 293; x_wconf 81' lang='lat' dir='ltr'>omne</span> <span class='ocrx_word' id='word_1_8' title='bbox 601 255 805 305; x_wconf 72' lang='lat' dir='ltr'>argentum</span> <span class='ocrx_word' id='word_1_9' title='bbox 821 254 891 293; x_wconf 90' lang='lat' dir='ltr'>tibi</span> <span class='ocrx_word' id='word_1_10' title='bbox 905 256 981 293; x_wconf 88' lang='lat' dir='ltr'>hoc</span> <span class='ocrx_word' id='word_1_11' title='bbox 995 262 1172 293; x_wconf 88' lang='lat' dir='ltr'>actutum</span> <span class='ocrx_word' id='word_1_12' title='bbox 1186 254 1386 294; x_wconf 85' lang='lat' dir='ltr'>incolume</span> <span class='ocrx_word' id='word_1_13' title='bbox 1394 254 1567 306; x_wconf 86' lang='lat' dir='ltr'><strong>redigam</strong></span> <span class='ocrx_word' id='word_1_14' title='bbox 1576 269 1586 303; x_wconf 90' lang='lat'>;</span> 
     </span>
     <span class='ocr_line' id='line_1_3' title="bbox 255 319 1672 371; baseline 0.001 -14"><span class='ocrx_word' id='word_1_15' title='bbox 255 334 346 358; x_wconf 85' lang='lat' dir='ltr'>nam</span> <span class='ocrx_word' id='word_1_16' title='bbox 368 319 444 358; x_wconf 84' lang='lat' dir='ltr'>iam</span> <span class='ocrx_word' id='word_1_17' title='bbox 467 320 596 358; x_wconf 83' lang='lat' dir='ltr'>omnis</span> <span class='ocrx_word' id='word_1_18' title='bbox 618 320 898 370; x_wconf 79' lang='lat' dir='ltr'>sycophantias</span> <span class='ocrx_word' id='word_1_19' title='bbox 918 320 1081 359; x_wconf 82' lang='lat' dir='ltr'>instruxi</span> <span class='ocrx_word' id='word_1_20' title='bbox 1102 328 1141 359; x_wconf 90' lang='lat' dir='ltr'>et</span> <span class='ocrx_word' id='word_1_21' title='bbox 1161 320 1389 371; x_wconf 84' lang='lat' dir='ltr'>comparaui</span> <span class='ocrx_word' id='word_1_22' title='bbox 1606 327 1672 364; x_wconf 85' lang='grc'>325</span> 
     </span>
     <span class='ocr_line' id='line_1_4' title="bbox 195 385 1586 436; baseline 0.002 -15"><span class='ocrx_word' id='word_1_23' title='bbox 195 399 231 430; x_wconf 81' lang='lat'>25</span> <span class='ocrx_word' id='word_1_24' title='bbox 254 398 334 434; x_wconf 81' lang='lat' dir='ltr'>quo</span> <span class='ocrx_word' id='word_1_25' title='bbox 364 393 481 434; x_wconf 83' lang='lat' dir='ltr'>pacto</span> <span class='ocrx_word' id='word_1_26' title='bbox 510 385 560 423; x_wconf 86' lang='lat' dir='ltr'>ab</span> <span class='ocrx_word' id='word_1_27' title='bbox 591 387 735 424; x_wconf 89' lang='lat' dir='ltr'>lenone</span> <span class='ocrx_word' id='word_1_28' title='bbox 764 386 938 424; x_wconf 80' lang='lat' dir='ltr'>auferam</span> <span class='ocrx_word' id='word_1_29' title='bbox 974 386 1051 424; x_wconf 92' lang='lat' dir='ltr'>hoc</span> <span class='ocrx_word' id='word_1_30' title='bbox 1085 387 1442 436; x_wconf 85' lang='lat' dir='ltr'>argentum—SAG.</span> <span class='ocrx_word' id='word_1_31' title='bbox 1476 393 1586 424; x_wconf 86' lang='lat' dir='ltr'>tanto</span> 
     </span>
     <span class='ocr_line' id='line_1_5' title="bbox 1434 450 1582 489; baseline -0.007 0"><span class='ocrx_word' id='word_1_32' title='bbox 1434 450 1582 489; x_wconf 88' lang='lat' dir='ltr'>melior.</span> 
     </span>
     <span class='ocr_line' id='line_1_6' title="bbox 251 515 1525 566; baseline 0.001 -14"><span class='ocrx_word' id='word_1_33' title='bbox 251 516 326 553; x_wconf 93' lang='lat' dir='ltr'>To.</span> <span class='ocrx_word' id='word_1_34' title='bbox 360 522 397 553; x_wconf 90' lang='lat' dir='ltr'>et</span> <span class='ocrx_word' id='word_1_35' title='bbox 419 515 558 553; x_wconf 85' lang='lat' dir='ltr'>mulier</span> <span class='ocrx_word' id='word_1_36' title='bbox 579 523 620 553; x_wconf 89' lang='lat' dir='ltr'>ut</span> <span class='ocrx_word' id='word_1_37' title='bbox 642 515 689 553; x_wconf 88' lang='lat' dir='ltr'>sit</span> <span class='ocrx_word' id='word_1_38' title='bbox 711 515 832 554; x_wconf 88' lang='lat' dir='ltr'>libera</span> <span class='ocrx_word' id='word_1_39' title='bbox 852 523 972 566; x_wconf 86' lang='lat' dir='ltr'>atque</span> <span class='ocrx_word' id='word_1_40' title='bbox 993 515 1077 566; x_wconf 90' lang='lat' dir='ltr'>ipse</span> <span class='ocrx_word' id='word_1_41' title='bbox 1098 517 1200 555; x_wconf 89' lang='lat' dir='ltr'>ultro</span> <span class='ocrx_word' id='word_1_42' title='bbox 1221 517 1289 555; x_wconf 87' lang='lat' dir='ltr'>det</span> <span class='ocrx_word' id='word_1_43' title='bbox 1309 523 1525 566; x_wconf 84' lang='lat' dir='ltr'>argentum.</span> 
     </span>
     <span class='ocr_line' id='line_1_7' title="bbox 251 581 1583 632; baseline 0 -14"><span class='ocrx_word' id='word_1_44' title='bbox 251 581 321 618; x_wconf 83' lang='lat' dir='ltr'>sed</span> <span class='ocrx_word' id='word_1_45' title='bbox 338 594 501 630; x_wconf 78' lang='lat' dir='ltr'><strong>sequere</strong></span> <span class='ocrx_word' id='word_1_46' title='bbox 519 594 581 618; x_wconf 85' lang='lat' dir='ltr'>me</span> <span class='ocrx_word' id='word_1_47' title='bbox 601 596 608 618; x_wconf 90' lang='lat'>:</span> <span class='ocrx_word' id='word_1_48' title='bbox 628 581 679 619; x_wconf 88' lang='lat' dir='ltr'>ad</span> <span class='ocrx_word' id='word_1_49' title='bbox 701 594 788 619; x_wconf 82' lang='lat' dir='ltr'>eam</span> <span class='ocrx_word' id='word_1_50' title='bbox 805 594 886 620; x_wconf 85' lang='lat' dir='ltr'>rem</span> <span class='ocrx_word' id='word_1_51' title='bbox 904 594 998 619; x_wconf 86' lang='lat' dir='ltr'>usus</span> <span class='ocrx_word' id='word_1_52' title='bbox 1019 589 1077 620; x_wconf 88' lang='lat' dir='ltr'>est</span> <span class='ocrx_word' id='word_1_53' title='bbox 1097 589 1165 620; x_wconf 80' lang='lat' dir='ltr'>tua</span> <span class='ocrx_word' id='word_1_54' title='bbox 1185 581 1282 620; x_wconf 79' lang='lat' dir='ltr'>mihi</span> <span class='ocrx_word' id='word_1_55' title='bbox 1302 582 1583 632; x_wconf 68' lang='lat' dir='ltr'>opera.—-SAG.</span> 
     </span>
     <span class='ocr_line' id='line_1_8' title="bbox 1268 645 1586 685; baseline 0.003 -1"><span class='ocrx_word' id='word_1_56' title='bbox 1268 654 1377 685; x_wconf 87' lang='lat' dir='ltr'>utere</span> <span class='ocrx_word' id='word_1_57' title='bbox 1398 653 1441 685; x_wconf 92' lang='lat' dir='ltr'>ut</span> <span class='ocrx_word' id='word_1_58' title='bbox 1458 645 1586 685; x_wconf 88' lang='lat' dir='ltr'>uis.—</span> 
     </span>
    </p>
   </div>
   <div class='ocr_carea' id='block_1_3' title="bbox 714 854 1121 902">
    <p class='ocr_par' dir='ltr' id='par_1_3' title="bbox 714 854 1121 902">
     <span class='ocr_line' id='line_1_9' title="bbox 714 854 1121 902; baseline -0.002 -1"><span class='ocrx_word' id='word_1_59' title='bbox 714 854 974 902; x_wconf 82' lang='lat' dir='ltr'>ACTVS</span> <span class='ocrx_word' id='word_1_60' title='bbox 1028 854 1121 901; x_wconf 93' lang='lat' dir='ltr'>III</span> 
     </span>
    </p>
   </div>
   <div class='ocr_carea' id='block_1_4' title="bbox 123 951 1186 992">
    <p class='ocr_par' dir='ltr' id='par_1_4' title="bbox 123 951 1186 992">
     <span class='ocr_line' id='line_1_10' title="bbox 123 951 1186 992; baseline 0.004 -4"><span class='ocrx_word' id='word_1_61' title='bbox 123 951 230 989; x_wconf 84' lang='lat' dir='ltr'>III.i</span> <span class='ocrx_word' id='word_1_62' title='bbox 643 955 892 992; x_wconf 77' lang='lat' dir='ltr'>SATVRIO</span> <span class='ocrx_word' id='word_1_63' title='bbox 1002 955 1186 992; x_wconf 77' lang='lat' dir='ltr'><strong>VIRGO</strong></span> 
     </span>
    </p>
   </div>
   <div class='ocr_carea' id='block_1_5' title="bbox 187 1039 1672 2200">
    <p class='ocr_par' dir='ltr' id='par_1_5' title="bbox 355 1039 1672 1286">
     <span class='ocr_line' id='line_1_11' title="bbox 358 1039 1533 1089; baseline 0.001 -10"><span class='ocrx_word' id='word_1_64' title='bbox 358 1042 449 1079; x_wconf 82' lang='lat' dir='ltr'><strong>SAT.</strong></span> <span class='ocrx_word' id='word_1_65' title='bbox 483 1041 597 1089; x_wconf 81' lang='lat' dir='ltr'>Quae</span> <span class='ocrx_word' id='word_1_66' title='bbox 618 1054 677 1078; x_wconf 88' lang='lat' dir='ltr'>res</span> <span class='ocrx_word' id='word_1_67' title='bbox 698 1041 801 1079; x_wconf 87' lang='lat' dir='ltr'>bene</span> <span class='ocrx_word' id='word_1_68' title='bbox 822 1048 951 1079; x_wconf 86' lang='lat' dir='ltr'>uortat</span> <span class='ocrx_word' id='word_1_69' title='bbox 967 1040 1063 1079; x_wconf 85' lang='lat' dir='ltr'>mihi</span> <span class='ocrx_word' id='word_1_70' title='bbox 1085 1048 1123 1079; x_wconf 92' lang='lat' dir='ltr'>et</span> <span class='ocrx_word' id='word_1_71' title='bbox 1144 1040 1214 1079; x_wconf 89' lang='lat' dir='ltr'>tibi</span> <span class='ocrx_word' id='word_1_72' title='bbox 1235 1048 1274 1079; x_wconf 91' lang='lat' dir='ltr'>et</span> <span class='ocrx_word' id='word_1_73' title='bbox 1294 1039 1422 1080; x_wconf 88' lang='lat' dir='ltr'>uentri</span> <span class='ocrx_word' id='word_1_74' title='bbox 1442 1054 1533 1080; x_wconf 90' lang='lat' dir='ltr'>meo</span> 
     </span>
     <span class='ocr_line' id='line_1_12' title="bbox 355 1105 1672 1156; baseline -0.002 -12"><span class='ocrx_word' id='word_1_75' title='bbox 355 1105 670 1155; x_wconf 76' lang='lat' dir='ltr'>perennitatique</span> <span class='ocrx_word' id='word_1_76' title='bbox 691 1107 793 1144; x_wconf 82' lang='lat' dir='ltr'>adeo</span> <span class='ocrx_word' id='word_1_77' title='bbox 814 1106 917 1152; x_wconf 85' lang='lat' dir='ltr'>huic,</span> <span class='ocrx_word' id='word_1_78' title='bbox 941 1114 1132 1156; x_wconf 89' lang='lat' dir='ltr'>perpetuo</span> <span class='ocrx_word' id='word_1_79' title='bbox 1153 1105 1265 1145; x_wconf 86' lang='lat' dir='ltr'>cibus</span> <span class='ocrx_word' id='word_1_80' title='bbox 1603 1117 1672 1152; x_wconf 89' lang='lat'>330</span> 
     </span>
     <span class='ocr_line' id='line_1_13' title="bbox 355 1170 1204 1221; baseline 0.001 -13"><span class='ocrx_word' id='word_1_81' title='bbox 355 1178 397 1209; x_wconf 95' lang='lat' dir='ltr'>ut</span> <span class='ocrx_word' id='word_1_82' title='bbox 419 1170 515 1208; x_wconf 83' lang='lat' dir='ltr'>mihi</span> <span class='ocrx_word' id='word_1_83' title='bbox 537 1171 714 1221; x_wconf 80' lang='lat' dir='ltr'>supersit,</span> <span class='ocrx_word' id='word_1_84' title='bbox 739 1179 935 1221; x_wconf 77' lang='lat' dir='ltr'>suppetat,</span> <span class='ocrx_word' id='word_1_85' title='bbox 956 1171 1204 1221; x_wconf 90' lang='lat' dir='ltr'>superstitet:</span> 
     </span>
     <span class='ocr_line' id='line_1_14' title="bbox 355 1236 1439 1286; baseline 0.001 -12"><span class='ocrx_word' id='word_1_86' title='bbox 355 1250 519 1286; x_wconf 80' lang='lat' dir='ltr'>sequere</span> <span class='ocrx_word' id='word_1_87' title='bbox 541 1238 624 1283; x_wconf 85' lang='lat' dir='ltr'>hac,</span> <span class='ocrx_word' id='word_1_88' title='bbox 650 1250 738 1275; x_wconf 84' lang='lat' dir='ltr'>mea</span> <span class='ocrx_word' id='word_1_89' title='bbox 758 1244 886 1286; x_wconf 86' lang='lat' dir='ltr'>gnata,</span> <span class='ocrx_word' id='word_1_90' title='bbox 911 1250 987 1284; x_wconf 78' lang='lat' dir='ltr'>me,</span> <span class='ocrx_word' id='word_1_91' title='bbox 1008 1250 1099 1274; x_wconf 88' lang='lat' dir='ltr'>cum</span> <span class='ocrx_word' id='word_1_92' title='bbox 1121 1236 1180 1275; x_wconf 90' lang='lat' dir='ltr'>dis</span> <span class='ocrx_word' id='word_1_93' title='bbox 1202 1236 1439 1276; x_wconf 87' lang='lat' dir='ltr'>uolentibus.</span> 
     </span>
    </p>

    <p class='ocr_par' dir='ltr' id='par_1_6' title="bbox 208 1301 1666 1614">
     <span class='ocr_line' id='line_1_15' title="bbox 208 1301 1294 1352; baseline 0.001 -13"><span class='ocrx_word' id='word_1_94' title='bbox 208 1318 224 1349; x_wconf 88' lang='lat'>5</span> <span class='ocrx_word' id='word_1_95' title='bbox 356 1301 450 1351; x_wconf 85' lang='lat' dir='ltr'>quoi</span> <span class='ocrx_word' id='word_1_96' title='bbox 471 1301 524 1340; x_wconf 87' lang='lat' dir='ltr'>rei</span> <span class='ocrx_word' id='word_1_97' title='bbox 546 1315 666 1351; x_wconf 87' lang='lat' dir='ltr'>opera</span> <span class='ocrx_word' id='word_1_98' title='bbox 686 1303 800 1340; x_wconf 89' lang='lat' dir='ltr'>detur</span> <span class='ocrx_word' id='word_1_99' title='bbox 821 1301 909 1349; x_wconf 73' lang='lat' dir='ltr'>scis,</span> <span class='ocrx_word' id='word_1_100' title='bbox 931 1309 1053 1349; x_wconf 86' lang='lat' dir='ltr'>tenes,</span> <span class='ocrx_word' id='word_1_101' title='bbox 1077 1301 1269 1352; x_wconf 85' lang='lat' dir='ltr'>intellegis</span> <span class='ocrx_word' id='word_1_102' title='bbox 1284 1317 1294 1350; x_wconf 73' lang='lat'>5</span> 
     </span>
     <span class='ocr_line' id='line_1_16' title="bbox 354 1366 1151 1406; baseline -0.003 0"><span class='ocrx_word' id='word_1_103' title='bbox 354 1366 647 1406; x_wconf 84' lang='lat' dir='ltr'>communicaui</span> <span class='ocrx_word' id='word_1_104' title='bbox 669 1375 800 1405; x_wconf 88' lang='lat' dir='ltr'>tecum</span> <span class='ocrx_word' id='word_1_105' title='bbox 822 1366 986 1406; x_wconf 80' lang='lat' dir='ltr'>consilia</span> <span class='ocrx_word' id='word_1_106' title='bbox 1006 1367 1151 1405; x_wconf 84' lang='lat' dir='ltr'>omnia.</span> 
     </span>
     <span class='ocr_line' id='line_1_17' title="bbox 354 1432 1666 1483; baseline 0 -13"><span class='ocrx_word' id='word_1_107' title='bbox 354 1446 399 1471; x_wconf 83' lang='lat' dir='ltr'>ea</span> <span class='ocrx_word' id='word_1_108' title='bbox 420 1434 558 1471; x_wconf 78' lang='lat' dir='ltr'>caussa</span> <span class='ocrx_word' id='word_1_109' title='bbox 577 1433 629 1471; x_wconf 87' lang='lat' dir='ltr'>ad</span> <span class='ocrx_word' id='word_1_110' title='bbox 650 1433 726 1471; x_wconf 89' lang='lat' dir='ltr'>hoc</span> <span class='ocrx_word' id='word_1_111' title='bbox 748 1434 973 1482; x_wconf 80' lang='lat' dir='ltr'>exemplum</span> <span class='ocrx_word' id='word_1_112' title='bbox 995 1440 1032 1470; x_wconf 89' lang='lat' dir='ltr'>te</span> <span class='ocrx_word' id='word_1_113' title='bbox 1054 1432 1239 1471; x_wconf 79' lang='lat' dir='ltr'>exornaui</span> <span class='ocrx_word' id='word_1_114' title='bbox 1260 1446 1344 1483; x_wconf 83' lang='lat' dir='ltr'>ego.</span> <span class='ocrx_word' id='word_1_115' title='bbox 1600 1443 1666 1480; x_wconf 87' lang='lat'>335</span> 
     </span>
     <span class='ocr_line' id='line_1_18' title="bbox 354 1497 1398 1549; baseline 0.001 -13"><span class='ocrx_word' id='word_1_116' title='bbox 354 1497 508 1537; x_wconf 84' lang='lat' dir='ltr'>uenibis</span> <span class='ocrx_word' id='word_1_117' title='bbox 530 1505 570 1536; x_wconf 90' lang='lat' dir='ltr'>tu</span> <span class='ocrx_word' id='word_1_118' title='bbox 594 1497 722 1545; x_wconf 89' lang='lat' dir='ltr'>hodie,</span> <span class='ocrx_word' id='word_1_119' title='bbox 748 1497 867 1548; x_wconf 85' lang='lat' dir='ltr'>uirgo.</span> <span class='ocrx_word' id='word_1_120' title='bbox 931 1499 992 1535; x_wconf 82' lang='lat' dir='ltr'>V1.</span> <span class='ocrx_word' id='word_1_121' title='bbox 1025 1497 1180 1545; x_wconf 85' lang='lat' dir='ltr'>amabo,</span> <span class='ocrx_word' id='word_1_122' title='bbox 1205 1497 1256 1535; x_wconf 91' lang='lat' dir='ltr'>mi</span> <span class='ocrx_word' id='word_1_123' title='bbox 1278 1505 1398 1549; x_wconf 88' lang='lat' dir='ltr'>pater,</span> 
     </span>
     <span class='ocr_line' id='line_1_19' title="bbox 353 1562 1244 1614; baseline 0 -12"><span class='ocrx_word' id='word_1_124' title='bbox 353 1577 596 1614; x_wconf 81' lang='lat' dir='ltr'>quamquam</span> <span class='ocrx_word' id='word_1_125' title='bbox 618 1564 799 1602; x_wconf 89' lang='lat' dir='ltr'>lubenter</span> <span class='ocrx_word' id='word_1_126' title='bbox 819 1562 918 1601; x_wconf 89' lang='lat' dir='ltr'>escis</span> <span class='ocrx_word' id='word_1_127' title='bbox 939 1562 1076 1601; x_wconf 83' lang='lat' dir='ltr'>alienis</span> <span class='ocrx_word' id='word_1_128' title='bbox 1098 1564 1244 1610; x_wconf 80' lang='lat' dir='ltr'>studes,</span> 
     </span>
    </p>

    <p class='ocr_par' dir='ltr' id='par_1_7' title="bbox 188 1624 1666 1941">
     <span class='ocr_line' id='line_1_20' title="bbox 188 1624 1236 1667; baseline -0.001 0"><span class='ocrx_word' id='word_1_129' title='bbox 188 1646 226 1667; x_wconf 92' lang='lat'>10</span> <span class='ocrx_word' id='word_1_130' title='bbox 354 1629 438 1667; x_wconf 93' lang='lat' dir='ltr'>tuin</span> <span class='ocrx_word' id='word_1_131' title='bbox 459 1628 607 1667; x_wconf 74' lang='lat' dir='ltr'>uentris</span> <span class='ocrx_word' id='word_1_132' title='bbox 627 1643 765 1667; x_wconf 82' lang='lat' dir='ltr'>caussa</span> <span class='ocrx_word' id='word_1_133' title='bbox 784 1628 905 1667; x_wconf 86' lang='lat' dir='ltr'>filiam</span> <span class='ocrx_word' id='word_1_134' title='bbox 926 1624 1076 1667; x_wconf 41' lang='lat' dir='ltr'>u&#39;endas</span> <span class='ocrx_word' id='word_1_135' title='bbox 1098 1630 1236 1666; x_wconf 86' lang='lat' dir='ltr'>tuam?</span> 
     </span>
     <span class='ocr_line' id='line_1_21' title="bbox 354 1693 1432 1745; baseline 0.001 -13"><span class='ocrx_word' id='word_1_136' title='bbox 354 1696 444 1733; x_wconf 78' lang='lat' dir='ltr'>SAT.</span> <span class='ocrx_word' id='word_1_137' title='bbox 478 1694 619 1732; x_wconf 86' lang='lat' dir='ltr'>mirum</span> <span class='ocrx_word' id='word_1_138' title='bbox 641 1694 737 1744; x_wconf 89' lang='lat' dir='ltr'>quin</span> <span class='ocrx_word' id='word_1_139' title='bbox 758 1694 847 1744; x_wconf 84' lang='lat' dir='ltr'>regi&#39;</span> <span class='ocrx_word' id='word_1_140' title='bbox 871 1693 1042 1745; x_wconf 86' lang='lat' dir='ltr'>Philippi</span> <span class='ocrx_word' id='word_1_141' title='bbox 1065 1708 1203 1733; x_wconf 81' lang='lat' dir='ltr'>caussa</span> <span class='ocrx_word' id='word_1_142' title='bbox 1222 1702 1289 1733; x_wconf 88' lang='lat' dir='ltr'>aut</span> <span class='ocrx_word' id='word_1_143' title='bbox 1310 1693 1432 1733; x_wconf 85' lang='lat' dir='ltr'>Attali</span> 
     </span>
     <span class='ocr_line' id='line_1_22' title="bbox 352 1759 1666 1810; baseline -0.001 -12"><span class='ocrx_word' id='word_1_144' title='bbox 352 1767 389 1799; x_wconf 89' lang='lat' dir='ltr'>te</span> <span class='ocrx_word' id='word_1_145' title='bbox 411 1760 541 1810; x_wconf 88' lang='lat' dir='ltr'>potius</span> <span class='ocrx_word' id='word_1_146' title='bbox 562 1762 734 1799; x_wconf 88' lang='lat' dir='ltr'>uendam</span> <span class='ocrx_word' id='word_1_147' title='bbox 755 1774 875 1810; x_wconf 81' lang='lat' dir='ltr'>quam</span> <span class='ocrx_word' id='word_1_148' title='bbox 897 1774 994 1807; x_wconf 85' lang='lat' dir='ltr'>mea,</span> <span class='ocrx_word' id='word_1_149' title='bbox 1018 1773 1120 1810; x_wconf 89' lang='lat' dir='ltr'>quae</span> <span class='ocrx_word' id='word_1_150' title='bbox 1140 1759 1191 1799; x_wconf 88' lang='lat' dir='ltr'>sis</span> <span class='ocrx_word' id='word_1_151' title='bbox 1212 1774 1310 1799; x_wconf 85' lang='lat' dir='ltr'>mea.</span> <span class='ocrx_word' id='word_1_152' title='bbox 1597 1771 1666 1807; x_wconf 90' lang='lat'>340</span> 
     </span>
     <span class='ocr_line' id='line_1_23' title="bbox 352 1825 1357 1876; baseline 0.001 -13"><span class='ocrx_word' id='word_1_153' title='bbox 352 1828 415 1864; x_wconf 91' lang='lat' dir='ltr'>V1.</span> <span class='ocrx_word' id='word_1_154' title='bbox 449 1834 579 1864; x_wconf 88' lang='lat' dir='ltr'>utrum</span> <span class='ocrx_word' id='word_1_155' title='bbox 600 1839 671 1876; x_wconf 90' lang='lat' dir='ltr'>pro</span> <span class='ocrx_word' id='word_1_156' title='bbox 692 1825 834 1864; x_wconf 82' lang='lat' dir='ltr'>ancilla</span> <span class='ocrx_word' id='word_1_157' title='bbox 856 1825 918 1864; x_wconf 79' lang='lat' dir='ltr'>me</span> <span class='ocrx_word' id='word_1_158' title='bbox 941 1826 1063 1864; x_wconf 84' lang='lat' dir='ltr'>habes</span> <span class='ocrx_word' id='word_1_159' title='bbox 1085 1839 1135 1864; x_wconf 85' lang='lat' dir='ltr'>an</span> <span class='ocrx_word' id='word_1_160' title='bbox 1157 1839 1227 1876; x_wconf 93' lang='lat' dir='ltr'>pro</span> <span class='ocrx_word' id='word_1_161' title='bbox 1250 1825 1357 1864; x_wconf 82' lang='lat' dir='ltr'>filia?</span> 
     </span>
     <span class='ocr_line' id='line_1_24' title="bbox 351 1890 1468 1941; baseline 0.001 -13"><span class='ocrx_word' id='word_1_162' title='bbox 351 1892 441 1929; x_wconf 75' lang='lat' dir='ltr'>SAT.</span> <span class='ocrx_word' id='word_1_163' title='bbox 476 1898 605 1929; x_wconf 86' lang='lat' dir='ltr'>utrum</span> <span class='ocrx_word' id='word_1_164' title='bbox 627 1892 758 1929; x_wconf 85' lang='lat' dir='ltr'>hercle</span> <span class='ocrx_word' id='word_1_165' title='bbox 780 1891 903 1941; x_wconf 84' lang='lat' dir='ltr'>magis</span> <span class='ocrx_word' id='word_1_166' title='bbox 926 1891 964 1929; x_wconf 89' lang='lat' dir='ltr'>in</span> <span class='ocrx_word' id='word_1_167' title='bbox 987 1891 1134 1930; x_wconf 88' lang='lat' dir='ltr'>uentris</span> <span class='ocrx_word' id='word_1_168' title='bbox 1156 1905 1237 1930; x_wconf 90' lang='lat' dir='ltr'>rem</span> <span class='ocrx_word' id='word_1_169' title='bbox 1259 1890 1468 1930; x_wconf 89' lang='lat' dir='ltr'>uidebitur.</span> 
     </span>
    </p>

    <p class='ocr_par' dir='ltr' id='par_1_8' title="bbox 187 1954 1659 2200">
     <span class='ocr_line' id='line_1_25' title="bbox 187 1954 1476 2010; baseline 0 -16"><span class='ocrx_word' id='word_1_170' title='bbox 187 1974 222 2006; x_wconf 85' lang='lat'>15</span> <span class='ocrx_word' id='word_1_171' title='bbox 352 1970 495 2004; x_wconf 85' lang='lat' dir='ltr'>meum,</span> <span class='ocrx_word' id='word_1_172' title='bbox 519 1956 650 2007; x_wconf 89' lang='lat' dir='ltr'>opino,</span> <span class='ocrx_word' id='word_1_173' title='bbox 675 1956 920 2007; x_wconf 85' lang='lat' dir='ltr'>imperiumst</span> <span class='ocrx_word' id='word_1_174' title='bbox 941 1956 980 1995; x_wconf 88' lang='lat' dir='ltr'>in</span> <span class='ocrx_word' id='word_1_175' title='bbox 1002 1965 1051 2004; x_wconf 83' lang='lat' dir='ltr'>te,</span> <span class='ocrx_word' id='word_1_176' title='bbox 1075 1971 1155 1996; x_wconf 89' lang='lat' dir='ltr'>non</span> <span class='ocrx_word' id='word_1_177' title='bbox 1177 1957 1215 1995; x_wconf 88' lang='lat' dir='ltr'>in</span> <span class='ocrx_word' id='word_1_178' title='bbox 1239 1971 1301 1996; x_wconf 85' lang='lat' dir='ltr'>me</span> <span class='ocrx_word' id='word_1_179' title='bbox 1322 1954 1476 2010; x_wconf 86' lang='lat' dir='ltr'>tibi[st].</span> 
     </span>
     <span class='ocr_line' id='line_1_26' title="bbox 351 2022 1444 2073; baseline 0 -13"><span class='ocrx_word' id='word_1_180' title='bbox 351 2024 415 2060; x_wconf 89' lang='lat' dir='ltr'>V1.</span> <span class='ocrx_word' id='word_1_181' title='bbox 448 2030 514 2060; x_wconf 85' lang='lat' dir='ltr'>tua</span> <span class='ocrx_word' id='word_1_182' title='bbox 535 2022 654 2061; x_wconf 71' lang='lat' dir='ltr'>istaec</span> <span class='ocrx_word' id='word_1_183' title='bbox 675 2030 848 2073; x_wconf 82' lang='lat' dir='ltr'>potestas</span> <span class='ocrx_word' id='word_1_184' title='bbox 871 2030 939 2069; x_wconf 81' lang='lat' dir='ltr'>est,</span> <span class='ocrx_word' id='word_1_185' title='bbox 962 2031 1082 2073; x_wconf 76' lang='lat' dir='ltr'>pater.</span> <span class='ocrx_word' id='word_1_186' title='bbox 1142 2036 1278 2061; x_wconf 84' lang='lat' dir='ltr'>uerum</span> <span class='ocrx_word' id='word_1_187' title='bbox 1301 2029 1444 2068; x_wconf 86' lang='lat' dir='ltr'>tamen,</span> 
     </span>
     <span class='ocr_line' id='line_1_27' title="bbox 351 2088 1659 2138; baseline 0 -13"><span class='ocrx_word' id='word_1_188' title='bbox 351 2101 594 2138; x_wconf 81' lang='lat' dir='ltr'>quamquam</span> <span class='ocrx_word' id='word_1_189' title='bbox 615 2102 674 2126; x_wconf 81' lang='lat' dir='ltr'>res</span> <span class='ocrx_word' id='word_1_190' title='bbox 696 2095 851 2126; x_wconf 82' lang='lat' dir='ltr'>nostrae</span> <span class='ocrx_word' id='word_1_191' title='bbox 872 2095 973 2134; x_wconf 87' lang='lat' dir='ltr'>sunt,</span> <span class='ocrx_word' id='word_1_192' title='bbox 997 2096 1116 2137; x_wconf 85' lang='lat' dir='ltr'>pater,</span> <span class='ocrx_word' id='word_1_193' title='bbox 1141 2088 1415 2137; x_wconf 80' lang='lat' dir='ltr'>pauperculae,</span> <span class='ocrx_word' id='word_1_194' title='bbox 1595 2097 1659 2135; x_wconf 84' lang='lat'>345</span> 
     </span>
     <span class='ocr_line' id='line_1_28' title="bbox 352 2152 1272 2200; baseline 0.001 -10"><span class='ocrx_word' id='word_1_195' title='bbox 352 2153 508 2192; x_wconf 86' lang='lat' dir='ltr'>modice</span> <span class='ocrx_word' id='word_1_196' title='bbox 529 2160 567 2192; x_wconf 93' lang='lat' dir='ltr'>et</span> <span class='ocrx_word' id='word_1_197' title='bbox 589 2154 768 2192; x_wconf 90' lang='lat' dir='ltr'>modeste</span> <span class='ocrx_word' id='word_1_198' title='bbox 790 2153 946 2192; x_wconf 75' lang='lat' dir='ltr'>meliust</span> <span class='ocrx_word' id='word_1_199' title='bbox 968 2152 1089 2191; x_wconf 81' lang='lat' dir='ltr'>uitam</span> <span class='ocrx_word' id='word_1_200' title='bbox 1112 2152 1272 2200; x_wconf 77' lang='lat' dir='ltr'>uiuere3</span> 
     </span>
    </p>
   </div>
   <div class='ocr_carea' id='block_1_6' title="bbox 243 2255 1575 2515">
    <p class='ocr_par' dir='ltr' id='par_1_9' title="bbox 243 2255 1575 2515">
     <span class='ocr_line' id='line_1_29' title="bbox 286 2255 1575 2298; baseline 0.001 -12"><span class='ocrx_word' id='word_1_201' title='bbox 286 2266 345 2296; x_wconf 76' lang='lat'>324</span> <span class='ocrx_word' id='word_1_202' title='bbox 375 2258 439 2288; x_wconf 86' lang='lat' dir='ltr'>hoc</span> <span class='ocrx_word' id='word_1_203' title='bbox 469 2262 576 2288; x_wconf 86' lang='lat' dir='ltr'>tutum</span> <span class='ocrx_word' id='word_1_204' title='bbox 607 2258 685 2293; x_wconf 86' lang='lat' dir='ltr'>(hoc</span> <span class='ocrx_word' id='word_1_205' title='bbox 718 2262 823 2288; x_wconf 85' lang='lat' dir='ltr'>totum</span> <span class='ocrx_word' id='word_1_206' title='bbox 849 2256 896 2286; x_wconf 59' lang='lat' dir='ltr'>Ti</span> <span class='ocrx_word' id='word_1_207' title='bbox 920 2256 952 2286; x_wconf 81' lang='lat' dir='ltr'><em>P</em></span> <span class='ocrx_word' id='word_1_208' title='bbox 1038 2255 1147 2298; x_wconf 80' lang='lat' dir='ltr'>(hoc)</span> <span class='ocrx_word' id='word_1_209' title='bbox 1164 2267 1193 2287; x_wconf 93' lang='lat' dir='ltr'>o.</span> <span class='ocrx_word' id='word_1_210' title='bbox 1214 2267 1242 2287; x_wconf 80' lang='lat' dir='ltr'>a.</span> <span class='ocrx_word' id='word_1_211' title='bbox 1263 2260 1285 2287; x_wconf 92' lang='lat' dir='ltr'>t.</span> <span class='ocrx_word' id='word_1_212' title='bbox 1304 2255 1367 2286; x_wconf 88' lang='lat' dir='ltr'>hoc</span> <span class='ocrx_word' id='word_1_213' title='bbox 1387 2256 1421 2295; x_wconf 80' lang='lat' dir='ltr'>(i.</span> <span class='ocrx_word' id='word_1_214' title='bbox 1445 2266 1468 2285; x_wconf 73' lang='lat' dir='ltr'>c.</span> <span class='ocrx_word' id='word_1_215' title='bbox 1494 2255 1575 2293; x_wconf 72' lang='lat' dir='ltr'>huc)</span> 
     </span>
     <span class='ocr_line' id='line_1_30' title="bbox 244 2299 1572 2340; baseline 0.001 -11"><span class='ocrx_word' id='word_1_216' title='bbox 244 2300 382 2330; x_wconf 67' lang='lat' dir='ltr'>Mucllcr</span> <span class='ocrx_word' id='word_1_217' title='bbox 452 2311 516 2340; x_wconf 78' lang='lat'>3:25</span> <span class='ocrx_word' id='word_1_218' title='bbox 534 2303 666 2332; x_wconf 78' lang='lat' dir='ltr'>omneis</span> <span class='ocrx_word' id='word_1_219' title='bbox 680 2301 712 2331; x_wconf 81' lang='lat' dir='ltr'><em>A</em></span> <span class='ocrx_word' id='word_1_220' title='bbox 804 2301 867 2339; x_wconf 76' lang='lat'>328</span> <span class='ocrx_word' id='word_1_221' title='bbox 884 2300 932 2330; x_wconf 61' lang='grc' dir='ltr'><em>«νε-Ι</em></span> <span class='ocrx_word' id='word_1_222' title='bbox 942 2300 984 2329; x_wconf 86' lang='lat' dir='ltr'>mi</span> <span class='ocrx_word' id='word_1_223' title='bbox 1051 2306 1126 2330; x_wconf 80' lang='lat' dir='ltr'>uter</span> <span class='ocrx_word' id='word_1_224' title='bbox 1143 2301 1175 2329; x_wconf 75' lang='lat' dir='ltr'><em>A</em></span> <span class='ocrx_word' id='word_1_225' title='bbox 1258 2309 1322 2339; x_wconf 84' lang='lat'>330</span> <span class='ocrx_word' id='word_1_226' title='bbox 1338 2299 1572 2339; x_wconf 71' lang='lat' dir='ltr'>perennitatis</span> 
     </span>
     <span class='ocr_line' id='line_1_31' title="bbox 244 2343 1573 2383; baseline 0 -10"><span class='ocrx_word' id='word_1_227' title='bbox 244 2355 309 2382; x_wconf 78' lang='lat' dir='ltr'>que</span> <span class='ocrx_word' id='word_1_228' title='bbox 324 2345 355 2374; x_wconf 66' lang='lat' dir='ltr'>l&gt;</span> <span class='ocrx_word' id='word_1_229' title='bbox 420 2346 494 2375; x_wconf 82' lang='lat' dir='ltr'>cibo</span> <span class='ocrx_word' id='word_1_230' title='bbox 507 2345 595 2376; x_wconf 76' lang='lat' dir='ltr'>codd.</span> <span class='ocrx_word' id='word_1_231' title='bbox 616 2357 622 2375; x_wconf 71' lang='grc' dir='ltr'><em>ι</em></span> <span class='ocrx_word' id='word_1_232' title='bbox 638 2356 716 2376; x_wconf 73' lang='lat' dir='ltr'>corr.</span> <span class='ocrx_word' id='word_1_233' title='bbox 735 2343 801 2374; x_wconf 69' lang='lat' dir='ltr'>Leo</span> <span class='ocrx_word' id='word_1_234' title='bbox 868 2343 1175 2383; x_wconf 66' lang='lat' dir='ltr'>perennitassitque</span> <span class='ocrx_word' id='word_1_235' title='bbox 1188 2344 1274 2374; x_wconf 78' lang='lat' dir='ltr'>adeo</span> <span class='ocrx_word' id='word_1_236' title='bbox 1285 2343 1360 2373; x_wconf 86' lang='lat' dir='ltr'>huic</span> <span class='ocrx_word' id='word_1_237' title='bbox 1375 2350 1573 2383; x_wconf 79' lang='lat' dir='ltr'>perpetuom</span> 
     </span>
     <span class='ocr_line' id='line_1_32' title="bbox 243 2387 1570 2427; baseline 0 -11"><span class='ocrx_word' id='word_1_238' title='bbox 243 2389 353 2417; x_wconf 81' lang='lat' dir='ltr'>cibum</span> <span class='ocrx_word' id='word_1_239' title='bbox 369 2389 540 2419; x_wconf 58' lang='lat' dir='ltr'>muscia-lar</span> <span class='ocrx_word' id='word_1_240' title='bbox 657 2399 719 2427; x_wconf 79' lang='lat'>335</span> <span class='ocrx_word' id='word_1_241' title='bbox 737 2392 932 2426; x_wconf 76' lang='lat' dir='ltr'>exemptum</span> <span class='ocrx_word' id='word_1_242' title='bbox 948 2387 979 2416; x_wconf 78' lang='lat' dir='ltr'><em>A</em></span> <span class='ocrx_word' id='word_1_243' title='bbox 1106 2389 1170 2426; x_wconf 83' lang='lat'>338</span> <span class='ocrx_word' id='word_1_244' title='bbox 1188 2388 1234 2418; x_wconf 87' lang='lat' dir='ltr'>tui</span> <span class='ocrx_word' id='word_1_245' title='bbox 1247 2387 1376 2418; x_wconf 82' lang='lat' dir='ltr'>uentris</span> <span class='ocrx_word' id='word_1_246' title='bbox 1389 2397 1525 2418; x_wconf 82' lang='lat' dir='ltr'>causam</span> <span class='ocrx_word' id='word_1_247' title='bbox 1538 2388 1570 2416; x_wconf 88' lang='lat' dir='ltr'><em>A</em></span> 
     </span>
     <span class='ocr_line' id='line_1_33' title="bbox 245 2431 1571 2472; baseline -0.001 -12"><span class='ocrx_word' id='word_1_248' title='bbox 245 2432 364 2462; x_wconf 79' lang='lat' dir='ltr'>uendis</span> <span class='ocrx_word' id='word_1_249' title='bbox 376 2432 506 2472; x_wconf 47' lang='lat' dir='ltr'>Pasa-0</span> <span class='ocrx_word' id='word_1_250' title='bbox 519 2433 662 2464; x_wconf 68' lang='lat' dir='ltr'>uendcsl</span> <span class='ocrx_word' id='word_1_251' title='bbox 754 2442 812 2470; x_wconf 79' lang='lat'>34¹</span> <span class='ocrx_word' id='word_1_252' title='bbox 842 2442 872 2461; x_wconf 90' lang='lat' dir='ltr'>u.</span> <span class='ocrx_word' id='word_1_253' title='bbox 894 2437 927 2461; x_wconf 87' lang='lat' dir='ltr'>tu</span> <span class='ocrx_word' id='word_1_254' title='bbox 946 2441 1005 2470; x_wconf 77' lang='lat' dir='ltr'>pro</span> <span class='ocrx_word' id='word_1_255' title='bbox 1023 2431 1061 2463; x_wconf 86' lang='lat' dir='ltr'>P.</span> <span class='ocrx_word' id='word_1_256' title='bbox 1081 2431 1139 2461; x_wconf 64' lang='lat' dir='ltr'>scd</span> <span class='ocrx_word' id='word_1_257' title='bbox 1155 2435 1261 2461; x_wconf 70' lang='lat' dir='ltr'>utrum</span> <span class='ocrx_word' id='word_1_258' title='bbox 1280 2436 1314 2461; x_wconf 83' lang='lat' dir='ltr'>tu</span> <span class='ocrx_word' id='word_1_259' title='bbox 1333 2431 1571 2470; x_wconf 56' lang='lat' dir='ltr'>vnlrserendmn</span> 
     </span>
     <span class='ocr_line' id='line_1_34' title="bbox 243 2473 1571 2515; baseline -0.002 -9"><span class='ocrx_word' id='word_1_260' title='bbox 243 2486 307 2515; x_wconf 83' lang='lat'>343</span> <span class='ocrx_word' id='word_1_261' title='bbox 331 2476 452 2514; x_wconf 83' lang='lat' dir='ltr'>opinor</span> <span class='ocrx_word' id='word_1_262' title='bbox 468 2475 558 2506; x_wconf 81' lang='lat' dir='ltr'>codd.</span> <span class='ocrx_word' id='word_1_263' title='bbox 631 2475 688 2506; x_wconf 87' lang='lat' dir='ltr'>tibi</span> <span class='ocrx_word' id='word_1_264' title='bbox 706 2476 738 2505; x_wconf 87' lang='lat' dir='ltr'><em>A</em></span> <span class='ocrx_word' id='word_1_265' title='bbox 817 2477 881 2514; x_wconf 77' lang='lat'>346</span> <span class='ocrx_word' id='word_1_266' title='bbox 905 2476 1059 2506; x_wconf 79' lang='lat' dir='ltr'>modeste</span> <span class='ocrx_word' id='word_1_267' title='bbox 1077 2480 1128 2506; x_wconf 82' lang='lat' dir='ltr'>cst</span> <span class='ocrx_word' id='word_1_268' title='bbox 1148 2475 1266 2506; x_wconf 84' lang='lat' dir='ltr'>melius</span> <span class='ocrx_word' id='word_1_269' title='bbox 1283 2473 1370 2505; x_wconf 81' lang='lat' dir='ltr'>codd.</span> <span class='ocrx_word' id='word_1_270' title='bbox 1390 2474 1571 2514; x_wconf 75' lang='lat' dir='ltr'>Nom&#39;n&#39;342</span> 
     </span>
    </p>
   </div>
  </div>
 </body>
</html>
