1747 2740
203 143 233 181 I.
256 143 287 180 ii
670 146 715 182 T.
750 144 932 183 MACCI
963 144 1169 182 PLAVTI

256 261 415 304 propter
443 267 619 292 amorem
650 262 838 292 nostrum.
896 252 1041 306 (ΑΒΕ.)
1072 254 1228 301 amabo,
1262 267 1354 293 men
1384 255 1592 306 prohibere

1415 321 1591 370 postulas

255 398 305 423 ne
327 392 365 423 te
385 385 565 423 uerberet
586 384 700 435 magi’
721 398 840 434 quam
862 398 912 423 ne
933 385 1103 422 mendax
1124 398 1188 423 me
1207 385 1421 422 aduorsum
1444 384 1547 422 siet?
1609 397 1680 431 400

175 461 235 495 195
255 451 388 488 ANTE.
420 450 569 500 aliquid
592 450 683 488 huic
709 451 918 500 responde,
940 450 1096 495 amabo,
1119 450 1343 496 commode,
1366 462 1417 488 ne
1443 448 1591 488 incom-

1448 516 1590 554 modus

255 580 393 618 nobeis
415 580 475 619 sit.
534 596 624 620 nam
647 582 798 621 detinet
819 596 892 621 nos
913 584 963 621 de
984 590 1119 620 nostro
1140 581 1308 631 negotio.

255 646 359 683 ΑΒΕ.
390 659 538 684 uerum.
599 647 716 686 etiam
740 647 809 686 tibi
832 649 935 686 hanc
955 646 1133 686 amittam
1155 647 1312 686 noxiam
1334 660 1466 694 unam,
1488 649 1591 698 Ago-

1391 714 1587 752 rastocles.

256 789 335 814 non
357 789 444 814 sum
466 776 570 815 irata.
623 779 698 816 Ac.
723 791 803 817 non
825 779 899 816 es?
944 779 1048 816 ΑΒΕ.
1073 791 1153 816 non
1175 790 1273 815 sum.
1315 779 1390 816 AG.
1414 779 1465 817 da
1485 792 1588 829 ergo,

1165 851 1207 880 ut
1228 843 1398 889 credam,
1421 843 1586 882 sanium.

254 907 357 944 ADE.
391 920 483 945 mox
515 908 631 954 dabo,
662 921 784 958 quom
812 908 863 946 ab
889 922 929 946 re
960 907 1098 947 diuina
1127 907 1289 946 rediero.
1351 909 1426 946 AG.
1460 909 1472 946 i
1496 921 1589 958 ergo
1607 922 1674 958 405

1419 980 1586 1012 strenue.

171 1051 233 1074 200
252 1038 357 1075 ΑΒΕ.
390 1050 553 1087 sequere
589 1051 662 1084 me,
693 1051 812 1077 soror.
872 1040 947 1076 Ac.
983 1045 1102 1088 atque
1122 1036 1278 1076 audin?
1319 1039 1426 1075 ΑΒΕ.
1457 1037 1586 1076 etiam.

1194 1104 1268 1141 AG.
1302 1102 1447 1141 Veneri
1467 1102 1590 1142 dicito

252 1169 421 1206 multum
438 1168 535 1207 meis
549 1168 702 1207 uerbeis
724 1170 904 1207 salutem.
953 1169 1058 1206 ΑΒΕ.
1083 1167 1224 1206 dicam.
1275 1169 1350 1205 AG.
1373 1175 1492 1217 atque
1513 1169 1589 1206 hoc

1079 1232 1184 1271 audi.
1244 1234 1348 1270 ΑΒΕ.
1381 1232 1478 1282 quid
1499 1234 1590 1271 est?

253 1300 328 1337 AG.
352 1299 486 1349 paucis
501 1299 630 1338 uerbis
646 1313 726 1338 rem
743 1299 920 1338 diuinam
939 1298 1067 1336 facito.
1110 1306 1228 1348 atque
1245 1297 1396 1336 audin?
1426 1297 1585 1348 respice.

253 1364 430 1415 respexit.
490 1364 596 1404 idern
619 1366 762 1416 edepol
785 1367 982 1404 Venerem
1005 1365 1125 1403 credo
1147 1365 1335 1402 facturam
1359 1362 1441 1401 tibi.

184 1487 229 1523 iii
506 1480 953 1517 AooRASTOCLEs
1067 1479 1326 1515 MILPHIO

306 1562 380 1599 AG.
415 1559 523 1609 Quid
546 1573 652 1598 nunc
674 1559 726 1597 mi
747 1573 788 1598 es
809 1567 956 1606 auctor,
979 1559 1182 1609 Milphio?
1240 1560 1312 1597 Mr.
1345 1566 1387 1597 ut
1412 1572 1475 1597 me
1505 1572 1587 1598 uer·
1605 1572 1677 1606 410

1474 1624 1586 1664 beres

304 1688 423 1730 atque
442 1680 667 1719 auctionem
689 1679 807 1718 facias
828 1694 834 1717 :
866 1693 955 1718 nam
980 1678 1251 1729 impunissume

305 1746 376 1784 tibi
397 1746 558 1796 quidem
581 1747 710 1784 hercle
731 1746 904 1784 uendere
926 1747 1044 1783 hasce
1064 1744 1174 1784 aedis
1194 1744 1295 1783 licet.

305 1813 380 1849 AG.
413 1811 508 1861 quid
531 1811 606 1849 iam
624 1813 640 1850 ?
689 1813 761 1849 M1.
796 1810 983 1850 maiorem
999 1818 1149 1861 partem
1168 1809 1206 1848 in
1223 1824 1289 1849 ore
1305 1809 1459 1848 habitas
1480 1823 1581 1849 meo.

212 1891 229 1921 5
304 1878 379 1915 AG.
412 1878 623 1927 supersede
645 1876 726 1915 istis
749 1876 890 1915 uerbis.
953 1878 1028 1914 Mr.
1058 1875 1155 1926 quid
1176 1889 1282 1914 nunc
1303 1875 1386 1914 ueis
1407 1875 1507 1914 tibi?

304 1943 379 1979 Aa.
412 1949 607 1980 trecentos
630 1941 834 1992 Philippos
857 1940 1084 1990 Collybisco
1105 1940 1224 1979 uilico
1601 1951 1667 1988 413

303 2006 396 2045 dedi
417 2007 580 2053 dudum,
605 2006 700 2057 priu’
723 2019 840 2056 quam
865 2020 927 2044 me
948 2005 1163 2044 euocauisti
1186 2006 1298 2043 foras.

304 2085 409 2110 nunc
430 2086 595 2122 opsecro
616 2080 668 2119 te,
691 2071 872 2122 Milphio,
899 2072 1001 2109 hanc
1023 2085 1090 2121 per
1111 2072 1310 2110 dexteram

305 2150 451 2187 perque
473 2138 574 2175 hanc
596 2150 768 2175 sororem
791 2137 943 2174 laeuam
967 2149 1114 2186 perque
1135 2137 1271 2174 oculos
1292 2143 1381 2174 tuos

195 2216 232 2238 10
304 2203 411 2252 perq’
433 2216 542 2240 meos
562 2215 715 2240 amores
736 2215 883 2252 perque
905 2200 1191 2251 Adelphasium
1215 2214 1342 2240 meam

304 2281 451 2318 perque
473 2276 578 2306 tuam
601 2267 974 2305 lelbertatem——ML
1008 2280 1068 2304 em
1092 2280 1197 2305 nunc
1219 2266 1314 2304 nihil
1335 2279 1526 2316 opsecras,
1599 2275 1668 2308 420

292 2383 357 2411 400
372 2372 422 2402 vel
435 2382 532 2409 mage
622 2382 681 2410 401
703 2371 923 2402 incommodis
937 2369 969 2400 P
1054 2381 1115 2409 407
1135 2370 1239 2401 multa
1252 2368 1285 2400 P
1341 2370 1440 2400 audin
1456 2369 1582 2399 Rr'tschl

249 2427 313 2455 409
338 2416 393 2455 pol
420 2416 452 2446 P
553 2426 617 2453 410
641 2421 757 2446 auctor
781 2426 818 2445 es
841 2414 873 2444 A
966 2424 1028 2454 413
1053 2420 1148 2453 parte
1166 2414 1296 2445 minore
1314 2414 1347 2445 h.
1363 2424 1437 2444 mea
1450 2413 1525 2455 PU.
1541 2415 1577 2454 6)

250 2470 312 2498 414
337 2460 409 2490 ucis
427 2470 515 2490 nunc
532 2460 564 2489 A
656 2460 720 2497 416
744 2460 820 2489 dum
839 2459 871 2488 A
