1747 2740
214 150 268 188 II.
289 149 334 186 iii
713 149 758 188 T.
792 150 970 191 MACCI
1002 150 1206 189 PLAVTI

288 262 458 313 petimus
480 262 605 309 nobis,
629 262 741 313 quasi
761 262 857 312 quid
877 262 916 301 in
937 276 1019 301 rem
1040 262 1088 301 sit
1108 262 1306 314 possimus
1325 276 1501 304 noscere.

287 335 392 366 certa
414 327 605 366 mittimus
626 329 721 366 dum
744 327 891 366 incerta
910 327 1080 378 petimus
1095 343 1104 376 ;
1133 337 1252 378 atque
1273 329 1350 367 hoc
1370 327 1505 367 euenit
1642 329 1708 374 685

227 405 268 426 20
287 391 326 430 in
347 393 481 431 labore
501 400 620 442 atque
641 391 680 430 in
702 393 851 439 dolore,
874 400 915 430 ut
937 406 1042 431 mors
1062 393 1228 442 obrepat
1249 392 1415 431 interim.

287 459 356 496 sed
378 457 454 496 iam
471 457 563 496 satis
580 465 638 496 est
655 457 989 508 philosophatum.
1032 458 1139 497 nimi‘
1152 458 1220 498 diu
1237 466 1275 497 et
1290 459 1454 509 longum
1466 459 1621 509 loquor.

286 522 326 562 di
349 522 599 562 inmortales!
632 523 857 562 aurichalco
877 532 1015 563 contra
1035 537 1115 563 non
1137 538 1271 563 carum
1291 524 1364 562 fuit

288 602 419 627 meum
441 588 709 637 mendacium,
730 589 794 628 hic
815 591 937 629 modo
959 591 1068 640 quod
1089 589 1220 628 subito
1241 597 1490 628 commentus
1511 589 1578 637 sui,

286 653 379 704 quia
398 654 552 692 lenonis
574 668 636 692 me
657 668 743 693 esse
764 654 854 693 dixi.
912 668 1019 693 nunc
1040 668 1113 705 ego
1134 655 1207 693 hae
1228 654 1395 705 epistula
1640 657 1711 703 690

229 728 268 761 ²5
288 719 353 758 tris
385 720 584 767 deludam,
607 734 717 758 erum
748 727 785 758 et
815 721 999 758 lenonem
1031 727 1069 758 et
1098 719 1164 770 qui
1195 721 1298 758 hanc
1321 719 1433 759 dedit
1459 719 1513 758 mi
1543 719 1621 770 epi-

1464 787 1618 824 stulam.

286 864 408 900 eugae
425 853 431 888 Σ
463 865 531 901 par
551 851 632 900 pari
653 850 761 890 aliud
781 859 913 890 autem
935 851 1045 901 quod
1066 850 1275 901 cupiebam
1297 850 1484 901 contigit:

286 915 395 954 uenit
416 929 553 954 eccum
576 916 796 964 Calidorus,
820 916 930 955 ducit
951 915 1206 966 nescioquem
1228 929 1362 954 secum
1383 915 1510 956 simul.

220 1023 266 1060 iV
362 1028 691 1067 CALIDORVS
804 1029 1104 1067 CHARINVS
1215 1028 1543 1065 PSEVDOLvs

286 1109 400 1148 CALI.
436 1108 578 1147 Dulcia
598 1117 718 1159 atque
738 1123 871 1147 amara
890 1109 997 1159 apud
1018 1116 1057 1147 te
1077 1122 1163 1147 sum
1185 1110 1364 1147 elocutus
1384 1108 1520 1147 omnia
1537 1124 1544 1148 :

283 1173 359 1212 scis
379 1188 569 1217 amorem.
591 1174 666 1213 scis
687 1175 874 1221 laborem,
898 1174 973 1213 scis
994 1181 1208 1225 egestatem
1231 1187 1370 1212 meam.
1639 1179 1706 1224 695

285 1240 362 1280 CH.
395 1239 651 1279 commemini
672 1240 805 1279 omnia
823 1255 829 1278 :
860 1240 901 1279 id
922 1248 963 1278 tu
980 1241 1113 1287 modo,
1130 1253 1194 1278 me
1209 1239 1306 1290 quid
1327 1239 1387 1279 uis
1402 1241 1541 1287 facere,
1559 1241 1620 1278 sac

1483 1304 1616 1344 sciam.

284 1370 399 1409 (ΞΛΜ.
432 1383 554 1420 quom
577 1371 673 1408 haec
695 1369 765 1408 tibi
785 1369 861 1408 alia
881 1383 968 1408 sum
990 1371 1182 1417 elocutus,
1202 1368 1292 1410 †uis
1319 1369 1438 1408 scires
1458 1369 1488 1408 si
1511 1369 1616 1410 scisl·
1635 1371 1725 1417 696³

1353 1435 1404 1473 de
1423 1435 1615 1484 symbolo.

246 1509 262 1540 5
283 1501 361 1540 CH.
395 1500 538 1547 omnia,
571 1500 744 1551 inquam.
804 1507 846 1539 tu
877 1501 999 1540 modo
1028 1499 1125 1550 quid
1155 1513 1219 1538 me
1248 1501 1375 1538 facere
1402 1499 1461 1538 uis
1488 1501 1548 1538 fac
1575 1509 1618 1538 ut
1635 1500 1724 1546 696⁵

1482 1579 1614 1604 sc1am.

283 1632 399 1671 CALx.
433 1633 653 1671 Pseudolus
694 1631 747 1670 mi
787 1631 840 1670 ita
878 1631 1098 1682 imperauit,
1131 1639 1172 1669 ut
1206 1630 1378 1681 aliquem
1413 1630 1616 1670 hominem

1403 1703 1617 1743 strenuom,

284 1761 588 1802 beneuolentem
629 1764 869 1802 adducerem
909 1764 959 1802 ad
1002 1777 1053 1802 se.
1133 1764 1214 1803 CH.
1244 1775 1375 1801 seruas
1410 1761 1617 1813 imperium

1471 1827 1618 1878 probe3

283 1891 373 1929 naim
395 1899 433 1930 et
453 1893 624 1932 amicum
647 1902 685 1933 et
706 1895 1011 1933 beneuolentem
1033 1893 1156 1933 ducis.
1198 1894 1268 1932 sed
1289 1892 1375 1931 istic
1397 1893 1616 1932 Pseudolus

283 1959 401 1996 nouo'
416 1958 558 1997 mihist.
620 1961 735 1999 (ΞΛΜ.
768 1959 934 1998 nimium
955 1968 1013 1999 est
1035 1959 1208 1999 mortalis
1229 1959 1447 2009 grapfficus,
1471 1959 1616 2008 εὑρετής
1635 1968 1703 2003 700

1468 2023 1611 2062 mihist.

324 2127 387 2165 685
414 2128 477 2157 hoc
496 2128 587 2158 uenit
606 2128 639 2159 P
653 2130 686 2167 (i.
704 2140 728 2160 c.
747 2129 810 2159 hoc
822 2133 884 2169 pro
901 2130 1006 2166 hoce:
1033 2129 1051 2160 i.
1074 2128 1107 2168 75
1248 2129 1314 2159 686
1338 2133 1432 2168 repat
1447 2131 1484 2158 u!
1496 2128 1557 2159 vid.
1578 2128 1611 2158 A

281 2170 342 2209 691
370 2171 480 2201 ludam
500 2172 635 2211 :Lsork
655 2176 730 2203 recte
750 2173 800 2212 (ef
820 2172 866 2202 ad
880 2173 1006 2213 Amph.
1027 2183 1095 2212 mg.
1119 2173 1138 2203 i.
1159 2173 1191 2212 7N
1361 2168 1469 2211 ⁶96st
1490 2182 1556 2203 om.
1578 2171 1611 2202 A

282 2213 428 2253 (propter
437 2214 619 2246 lmmoeotel.
629 2215 651 2248 ,ἣ
665 2227 672 2252 ;
688 2215 754 2247 secl.
776 2215 901 2246 Ritschl
989 2217 1046 2246 uix
1065 2226 1132 2246 rem
1148 2217 1215 2246 scis
1229 2214 1294 2246 Leo
1311 2215 1408 2255 :sort.
1422 2215 1509 2246 scire
1522 2215 1589 2246 scis
1602 2217 1612 2246 ,ἲ

283 2257 536 2297 (ιήὴψνιζραήἒνεῆ
672 2261 738 2299 699
762 2259 860 2290 istinc
878 2259 910 2289 P
1052 2270 1115 2299 700
1141 2270 1249 2290 nouus
1266 2259 1295 2289 si
1314 2259 1392 2289 mihi
1411 2264 1464 2290 est
1481 2258 1514 2289 P
1528 2259 1611 2299 (pm

283 2307 405 2331 nouust
433 2302 511 2331 mihi
540 2307 590 2332 cst
613 2313 620 2335 :
645 2304 681 2342 cf
711 2302 758 2333 ad
784 2305 855 2342 717Χ
973 2303 1172 2344 graphionis]
1203 2303 1308 2334 scitus
1332 2302 1365 2332 A
1479 2302 1610 2341 εὑρήτης

281 2343 420 2416 ΙῖαΙηηϊ
448 2343 625 2377 ΗννυισίΙι.
643 2357 675 2386 9,
694 2347 761 2387 71),
782 2357 863 2377 nam
888 2345 1022 2377 iambus
1041 2358 1128 2386 -ετης
1151 2350 1227 2377 antae·
1246 2345 1398 2377 icnnbmn
1417 2346 1530 2377 mihist
1546 2345 1610 2376 dis-

275 2391 300 2426 p
315 2388 369 2417 icet
