1747 2740
580 136 752 175 MILES
782 134 1096 175 GLORIOSVS
1452 138 1505 176 ΙΙ.
1526 136 1572 174 iii

88 260 154 299 275
175 248 244 286 PA.
290 247 354 286 hic
402 247 508 286 illam
552 247 652 285 uidit
693 248 950 294 osculantem,
997 255 1189 297 quantum
1231 249 1337 286 hunc
1375 248 1510 287 audiui

1388 314 1507 365 loqui.

1116 446 1178 483 SC.
1211 452 1260 491 te,
1284 444 1508 491 Palaestrio,

172 510 295 560 uolup
323 517 381 548 est
406 508 652 548 conuenisse.
713 510 783 547 ΡΑ.
815 508 913 559 quid
943 508 1052 547 iam?
1089 517 1158 547 aut
1186 509 1282 559 quid
1312 509 1510 560 negotist?

1292 575 1353 612 fac
1374 573 1505 612 sciam.

172 641 235 680 Sc.
267 642 531 680 metuo—PA.
565 639 662 690 quid
683 639 858 678 metuis?
914 641 977 678 Sc.
1011 653 1061 677 ne
1081 640 1213 678 hercle
1235 639 1365 685 hodie,
1389 652 1510 689 quan-

1020 712 1104 743 tum
1125 704 1189 743 hic
1210 704 1506 752 familiariumst‚

172 785 401 810 maxumum
422 771 462 810 in
483 772 632 810 malum
654 770 951 820 cruciatumque
972 769 1213 808 insuliamus.
1275 771 1342 808 ΡΑ.
1373 777 1416 808 tu
1436 770 1507 808 sali

83 838 154 873 280
172 837 290 884 solus,
313 850 405 874 nam
426 835 500 887 ego
520 835 636 874 istam
658 837 890 873 insulturam
913 843 951 873 et
971 835 1212 873 desulturam
1235 835 1288 872 nil
1310 848 1449 874 moror.

173 380 236 418 Sc.
270 378 357 429 quis
378 378 442 416 hic
463 379 551 416 est?
594 379 663 415 ΡΑ.
697 378 776 415 tuo'
797 391 1023 416 conseruos.
1066 378 1163 428 quid
1182 378 1274 429 agis,
1298 380 1512 418 Sceledre?
1531 407 1548 427 Ο

171 904 233 942 Sc.
279 902 408 941 nescis
446 910 489 941 tu
527 904 691 941 fortasse
728 903 836 952 apud
875 915 949 941 nos
987 901 1139 940 facinus
1185 903 1293 952 quod
1332 910 1506 942 natumst
1528 923 1568 944 10

1342 982 1502 1007 nouom.

172 1035 240 1072 PA.
273 1034 383 1084 quod
412 1033 453 1072 id
483 1041 541 1072 est
576 1032 757 1072 facinus?
828 1033 891 1071 Se.
925 1031 1170 1083 inpudicum.
1232 1035 1300 1071 ΡΑ.
1334 1041 1416 1072 tute
1449 1033 1505 1073 sci

1328 1099 1399 1137 soli
1421 1099 1503 1147 tibi,

172 1163 269 1202 mihi
288 1178 339 1203 ne
359 1163 469 1211 dixis,
493 1163 591 1203 scire
613 1165 717 1202 nolo.
768 1165 831 1202 Sc.
865 1177 946 1201 non
967 1163 1074 1202 enim
1095 1164 1235 1203 faciam
1258 1164 1353 1215 quin
1374 1152 1484 1204 scias.

171 1228 325 1267 simiam
346 1229 466 1267 hodie
486 1243 573 1267 sum
595 1236 766 1267 sectatus
786 1236 963 1266 nostram
984 1228 1024 1266 in
1045 1230 1185 1267 horum
1208 1230 1357 1280 tegulis.

83 1294 148 1337 285
170 1295 239 1331 ΡΑ.
271 1294 426 1343 edepol,
444 1294 638 1340 Sceledre,
658 1281 780 1331 liomo
801 1293 986 1331 sectatu's
1002 1292 1114 1331 nihili
1135 1307 1306 1344 nequam
1322 1296 1500 1335 bestiam.

168 1360 230 1397 Se.
263 1357 304 1398 di
333 1366 372 1397 te
401 1360 592 1409 perdant!
651 1361 720 1397 ΡΑ.
753 1358 791 1398 te
822 1358 922 1397 istuc
952 1362 1371 1411 aequom—quoniam
1393 1378 1504 1403 occe·
1526 1382 1564 1414 15

1233 1426 1333 1478 pisti,
1357 1430 1500 1479 eloqui.

167 1491 229 1528 SC.
257 1491 356 1528 forte
377 1492 534 1529 fortuna
553 1505 622 1542 per
642 1489 880 1540 impluuium
901 1491 979 1529 huc
1000 1492 1162 1542 despexi
1183 1491 1223 1530 in
1243 1505 1478 1542 proxumum
1496 1510 1504 1533 ι

166 1562 286 1605 atque
307 1569 380 1606 ego
400 1555 455 1593 illi
475 1555 625 1606 aspicio
646 1556 894 1594 osculantem
916 1556 1253 1595 Philocomasium
1271 1571 1362 1597 cum
1382 1561 1504 1600 altero

167 1619 386 1670 nescioquo
413 1621 680 1660 adulescente.
740 1621 809 1659 PA.
843 1621 953 1670 quod
977 1635 1062 1672 ego,
1087 1624 1284 1672 Sceledre,
1304 1626 1432 1664 scelus
1459 1641 1506 1666 ex

1298 1697 1336 1728 te
1355 1691 1506 1731 audio?

79 1762 150 1799 290
167 1751 230 1789 Sc.
261 1752 441 1801 profecto
480 1751 573 1790 uidi.
647 1752 716 1790 ΡΑ.
749 1750 881 1790 tutin?
951 1754 1014 1791 Sc.
1051 1761 1208 1803 egomet
1248 1755 1405 1795 duobus
1444 1757 1504 1796 his

1247 1820 1371 1859 oculis
1392 1821 1500 1861 meis.

167 1882 237 1919 PA.
267 1881 344 1929 abi,
367 1896 449 1921 non
470 1882 552 1921 ueri
573 1882 700 1921 simile
721 1882 820 1921 dicis
841 1897 972 1934 neque
993 1883 1138 1922 uidisti.
1200 1887 1262 1924 SC.
1296 1899 1391 1924 num
1413 1887 1484 1927 tibi

165 1946 295 1998 lippus
333 1947 501 1986 uideor?
569 1949 638 1987 ΡΛ.
671 1947 873 1987 medicum
908 1947 1008 1987 istuc
1043 1948 1114 1988 tibi
1150 1950 1306 1989 meliust
1340 1964 1501 2002 percon-

1373 2025 1495 2057 tarier.

210 2127 272 2157 275
301 2117 441 2157 loquere
470 2117 548 2157 (3¹)
578 2118 629 2148 vel
651 2118 846 2158 loquentem
876 2117 980 2159 (PCD)
1007 2118 1057 2149 vel
1075 2119 1188 2159 potius
1215 2119 1280 2160 loq.
1311 2121 1345 2156 (i.
1356 2132 1379 2151 e.
1407 2121 1499 2162 loqui

161 2165 223 2201 per
244 2161 410 2202 compend.
438 2163 559 2202 scn'pt.)
581 2161 615 2191 Ρ
754 2164 818 2201 276
843 2162 892 2202 te]
922 2167 975 2193 ste
992 2163 1061 2203 (sta
1086 2163 1149 2203 BY)
1184 2163 1218 2193 Ρ
1244 2167 1318 2204 (pro
1343 2164 1391 2197 S..
1423 2171 1499 2197 nola

160 2209 328 2245 personae,
349 2205 398 2245 te)
534 2215 595 2244 277
622 2206 702 2245 quid
723 2207 849 2246 negotii
868 2206 918 2237 fac
935 2207 1035 2237 sciam
1055 2206 1106 2237 P:
1133 2208 1212 2247 quid
1226 2208 1291 2248 iam
1309 2209 1424 2248 negoti
1447 2215 1499 2242 est

166 2248 301 2279 fasciam
318 2248 350 2278 A
488 2250 551 2288 278
577 2249 668 2280 Metu
686 2249 720 2279 Ρ
813 2251 867 2281 hic
885 2250 1116 2282 samiliarumst
1135 2253 1180 2291 (st
1202 2263 1267 2283 om.
1288 2251 1352 2293 B‘)
1371 2252 1422 2282 P:
1446 2260 1498 2285 est

166 2292 288 2322 sami—
304 2292 336 2322 A
355 2293 556 2333 infinesolii
650 2303 802 2333 279-343
827 2294 912 2325 deest
924 2294 958 2324 A
1060 2297 1123 2326 280
1147 2296 1315 2327 vclistanc
1415 2298 1496 2328 nihil

167 2336 248 2377 [hil]
269 2337 336 2375 (hic
348 2336 394 2368 B)
410 2337 474 2368 cod.
489 2338 546 2377 (iv.
561 2338 597 2376 3)
722 2339 780 2368 281
810 2345 909 2369 natus
928 2339 1015 2380 [hic]
1034 2339 1067 2369 B
1083 2341 1135 2381 (cf.
1155 2340 1232 2380 280)
1362 2342 1425 2371 282
1448 2342 1496 2372 sci

164 2380 298 2420 Bentley
313 2382 407 2417 (satis
419 2381 652 2421 dubiasorma)
667 2394 673 2414 ε
699 2385 766 2414 scis
783 2383 847 2414 cod.
864 2395 869 2414 :
897 2384 983 2413 scias
1004 2382 1203 2413 Gulielmius
1290 2385 1422 2426 soli[te]
1437 2386 1494 2416 tibi

164 2423 230 2454 cod.
245 2435 252 2454 :
276 2434 353 2456 corr.
371 2425 584 2456 Camerarius
594 2426 654 2468 (iv.
668 2427 703 2466 3)
832 2428 897 2457 286
920 2433 1096 2465 aequomst
1113 2426 1242 2458 Rits-cld
1351 2430 1414 2459 288
1439 2429 1495 2460 illa

162 2466 212 2498 B²
344 2480 408 2508 290
431 2469 482 2500 vel
494 2470 586 2501 hisee
720 2481 784 2511 292
809 2471 927 2502 melius
944 2470 1009 2501 cod.

208 2521 326 2544 PLAVT.
346 2523 372 2544 u
1385 2520 1403 2553 2

1526 1905 1566 1927 20
