1747 2740
226 108 294 150 IV.
317 111 393 150 viii
737 112 782 151 T.
818 111 998 153 MACCI
1031 111 1235 153 PLAVTI

255 227 299 260 60
318 225 452 264 dicant
472 239 673 265 seruorum
695 233 846 277 praeter
868 240 931 265 me
953 226 1038 266 esse
1060 228 1218 266 fidelem
1239 225 1451 266 neminem.
1674 243 1747 279 137<

317 303 409 328 nam
430 290 461 329 si
483 292 647 330 honeste
668 305 852 330 censeam
874 299 912 330 te
933 293 1060 331 facere
1081 306 1208 342 posse,
1231 294 1419 332 suadeam
1435 307 1445 340 ;

314 368 452 394 uerum
484 369 564 394 non
594 364 732 406 potest.
793 370 890 395 caue
917 356 1023 395 faxis.
1084 359 1152 395 Pv.
1183 357 1249 396 abi
1278 357 1367 396 iam.
1426 359 1495 396 PA.
1528 357 1652 408 patiar

1362 421 1558 473 quidquid
1578 430 1647 462 est.

314 486 381 523 ΡΥ.
415 486 516 525 bene
537 487 624 525 uale
645 486 771 537 igitur.
840 489 909 525 PA.
942 487 996 527 ire
1026 488 1182 527 meliust
1202 490 1499 527 strenue.—Pv.
1532 487 1650 527 etiam

1420 567 1528 592 nunc
1548 555 1648 592 uale.

311 624 403 655 ante
424 618 500 656 hoc
522 619 668 656 facturn
690 619 797 657 hunc
818 632 905 657 sum
926 618 1134 658 arbitratus
1165 632 1320 670 semper
1340 632 1497 658 seruom
1518 632 1650 670 pessu-

1511 698 1620 723 mum
1641 699 1648 722 :

251 754 292 796 65
313 762 404 787 eum
445 750 601 788 fidelem
642 749 738 788 mihi
773 763 858 789 esse
893 750 1064 789 inuenio.
1137 764 1259 801 quom
1293 756 1451 800 egomet
1489 762 1646 788 mecum
1671 761 1747 799 1373

1502 813 1645 865 cogito,

311 880 428 918 stulte
449 879 523 918 feci
544 880 611 930 qui
632 881 738 919 hunc
759 880 883 919 amisi.
944 881 1010 919 1'bo
1032 880 1124 919 hinc
1145 880 1248 919 intro
1269 879 1456 919 nunciam

310 945 361 983 ad
381 958 534 983 amores
556 959 676 984 rneos.
737 947 817 993 sed,
842 945 956 993 sensi,
980 946 1073 984 hinc
1094 945 1267 985 sonitum
1290 947 1467 985 fecerunt
1488 945 1602 984 fores.

244 1053 291 1089 ix
590 1057 738 1094 PVER
849 1058 1365 1095 PYRGOPOLVNICES

418 1138 486 1175 Pv.
520 1138 582 1175 Ne
604 1151 667 1176 me
688 1138 895 1185 moneatis,
916 1137 1079 1177 memini
1100 1151 1173 1189 ego
1194 1138 1367 1177 officium
1388 1151 1533 1186 meum,

417 1215 490 1252 ego
513 1206 653 1243 †nam†
674 1203 912 1242 conueniam
935 1203 1054 1251 illurn,
1078 1203 1147 1242 ubi
1168 1203 1235 1242 ubi
1257 1211 1315 1243 est
1334 1202 1511 1254 gentium
1525 1217 1538 1252 3

418 1267 678 1318 inuesffigabo,
702 1269 844 1319 operae
866 1283 947 1308 non
969 1282 1088 1320 parco
1109 1282 1231 1308 meae.
1666 1271 1747 1317 138<

419 1335 486 1371 Pv.
521 1347 583 1372 me
604 1335 754 1384 quaerit
775 1334 863 1373 illic.
924 1335 991 1373 ibo
1012 1336 1104 1374 huic
1125 1348 1248 1385 puero
1268 1333 1442 1374 obuiam.

269 1415 288 1447 5
417 1401 486 1437 Pv.
519 1400 650 1448 ehem,
670 1408 708 1438 te
729 1414 886 1451 quaero.
947 1402 1065 1448 salue,
1088 1400 1147 1439 uir
1166 1400 1434 1451 lepidissume,

415 1466 614 1504 cumulate
635 1465 930 1513 commoditate,
954 1474 1106 1516 praeter
1126 1474 1277 1505 ceteros

414 1530 496 1568 duo
512 1530 553 1568 d1'
566 1543 684 1580 quem
701 1538 850 1569 curant.
892 1533 959 1569 ΡΥ.
983 1530 1050 1581 qui
1067 1532 1149 1570 duo
1164 1532 1181 1569 ?
1220 1532 1289 1569 Pv.
1314 1532 1422 1569 Mars
1438 1538 1476 1570 et
1489 1531 1637 1570 Venus.

416 1598 484 1634 Ργ.
517 1598 687 1635 facetum
709 1610 873 1647 puerum
895 1600 901 1635 !
960 1591 1030 1635 Pv.
1063 1597 1165 1636 intro
1185 1604 1224 1636 te
1245 1605 1286 1635 ut
1307 1610 1372 1635 eas
1393 1604 1587 1648 opsecrat,
1663 1600 1747 1645 1385

415 1669 452 1701 te
473 1664 567 1710 uolt,
590 1670 628 1701 te
649 1661 809 1712 quaerit,
834 1670 952 1712 teque
974 1669 1205 1712 exspectans
1226 1661 1383 1712 expetit.

248 1743 287 1766 10
414 1728 562 1766 amanti
583 1729 638 1766 fer
658 1741 788 1778 opem.
838 1728 935 1778 quid
957 1729 1064 1766 stas?
1093 1727 1189 1778 quin
1210 1727 1312 1766 intro
1332 1726 1394 1766 is?
1433 1729 1500 1766 ΡΥ.
1524 1740 1641 1767 eo.—

416 1796 483 1832 Pv.
517 1794 623 1844 ipsus
645 1793 722 1831 illic
744 1807 828 1832 sese
850 1793 927 1832 iam
950 1793 1156 1844 impediuit
1179 1793 1218 1831 in
1239 1794 1400 1843 plagas3

413 1866 570 1910 paratae
591 1858 755 1898 insidiae
776 1866 890 1897 sunt:
923 1859 961 1897 in
984 1867 1086 1898 statu
1107 1866 1182 1897 stat
1203 1871 1332 1905 senex,

415 1932 457 1964 ut
477 1924 674 1964 adoriatur
696 1926 919 1972 moechum,
943 1925 1010 1975 qui
1033 1926 1193 1964 formast
1215 1925 1332 1971 ferox,
1663 1933 1747 1968 1390

415 1990 481 2041 qui
503 1989 632 2029 omnis
653 2003 694 2028 se
713 2003 845 2028 amare
868 1989 1002 2037 credit,
1027 2003 1208 2040 quaeque
1228 1987 1421 2040 aspexerit

354 2105 435 2134 1370
459 2095 572 2125 dicent
596 2093 663 2126 Leo
696 2098 746 2135 (cs.
781 2095 878 2134 1369)
972 2099 1062 2125 esset
1092 2093 1159 2125 cod.
1301 2103 1378 2133 1371
1406 2098 1544 2125 censeat
1571 2093 1639 2125 cod.

309 2148 389 2178 1372
416 2149 551 2179 pa.q.e.
569 2138 1091 2179 Pytgopolym’cicontinuantalii
1183 2147 1264 2177 1373
1290 2137 1368 2178 Pin]
1380 2137 1498 2169 chPA.
1557 2136 1637 2177 Pie]

305 2183 353 2213 vel
369 2183 426 2213 ΡΥ.
495 2183 615 2213 melius
633 2188 683 2213 est
702 2189 822 2213 trenue
839 2182 903 2213 cod.
980 2181 1055 2223 Pru]
1075 2181 1198 2212 vel-PA.
1295 2191 1375 2221 1374
1401 2181 1466 2211 huc
1483 2190 1556 2211 sum
1567 2180 1634 2212 cod.

310 2236 390 2265 1375
417 2227 555 2257 inuento
568 2227 635 2258 cod.
719 2231 851 2265 egomet
864 2225 1072 2255 Lambinus:
1099 2235 1163 2263 ego
1175 2230 1208 2256 et
1219 2224 1286 2256 cod.
1380 2226 1462 2263 1376
1478 2224 1554 2255 fecit
1573 2249 1579 2254 .
1598 2249 1605 2255 .
1626 2248 1633 2256 .

305 2270 416 2300 amisit
443 2271 509 2301 cod.
662 2280 741 2309 1377
767 2279 900 2300 amores
927 2269 1028 2299 lt‹rl.:
1067 2279 1176 2299 mores
1203 2268 1271 2298 cod.
1368 2274 1403 2299 et
1427 2269 1536 2298 sensit
1566 2267 1633 2300 cod.

310 2324 391 2353 1379
417 2314 510 2352 nami,
529 2315 592 2344 iam
612 2314 825 2344 Caum-mins
955 2313 1036 2351 1380
1061 2322 1194 2352 parcam
1213 2312 1427 2343 Camerarius
1555 2312 1632 2352 1381

306 2357 380 2388 iiico
405 2358 481 2388 hinc
503 2368 534 2397 p.
562 2358 594 2388 Β
620 2360 692 2398 <pro
720 2357 787 2388 illic
805 2367 846 2387 co
863 2357 894 2386 h.
913 2367 944 2396 p.
957 2357 982 2391 ἲ)
1073 2366 1118 2386 an
1135 2356 1239 2387 ibon?
1330 2354 1440 2399 (ego)
1455 2354 1532 2386 huic
1553 2355 1638 2386 Buzu-

309 2403 391 2440 1386
415 2402 544 2441 expetit
563 2401 688 2432 Pamus
704 2412 709 2431 :
736 2401 819 2439 petit
835 2399 901 2430 cod.
918 2401 998 2439 (om.
1015 2399 1057 2430 Bi
1174 2400 1253 2439 1387
1279 2399 1359 2439 quin
1379 2397 1529 2429 Merula:
1555 2398 1634 2438 quid

304 2446 370 2476 cod.
476 2446 557 2484 1338
581 2456 656 2476 sese
674 2444 811 2484 Pyhulcs
827 2456 833 2474 :
857 2455 914 2475 esc
932 2443 999 2475 cod.
1018 2454 1069 2483 gsc
1087 2443 1160 2474 ΡΠ)
1270 2453 1347 2482 1391
1375 2453 1541 2482 quemque
1560 2442 1635 2474 ΡΨ
