1747 2740
130 124 214 163 V.i
619 127 665 164 T.
699 126 881 166 MACCI
913 127 1118 165 PLAVTI

139 249 178 282 35
199 243 377 276 nostrum
402 250 476 288 ego
501 239 608 276 hunc
636 237 812 276 uicinum
840 237 982 288 opinor
1009 252 1094 277 esse
1114 239 1319 279 hominem
1340 241 1533 280 audacem

1314 314 1353 344 et
1373 308 1532 345 malum.

196 369 273 407 TR.
305 369 502 419 quidum?
559 371 638 408 ΤΗ.
671 369 763 420 quia
802 377 918 420 negat
957 370 1117 409 nouisse
1151 373 1357 410 uos—TR.
1390 373 1536 423 negat?

1161 438 1241 476 ΤΗ.
1273 451 1347 476 nec
1367 451 1440 476 uos
1459 437 1535 477 sibi

196 513 406 538 nummum
445 513 636 550 umquam
674 500 822 550 argenti
863 500 1032 540 dedisse.
1090 503 1167 541 TR.
1210 502 1287 550 abi,
1323 502 1426 542 hidis
1457 516 1536 551 me,

1165 569 1286 606 credo
1306 569 1384 607 hau
1405 576 1533 620 negat.

197 632 277 669 TH.
302 631 398 681 quid
420 631 527 670 iam?
584 633 660 670 TR.
685 631 782 680 scio,
801 631 940 671 iocaris
961 640 1003 671 tu
1024 646 1132 671 nune
1151 631 1297 685 (istuc).
1358 647 1451 673 nam
1471 634 1536 673 ille

1124 698 1286 748 quidem
1308 699 1386 738 hau
1407 707 1533 751 negat.

197 763 277 801 ΤΗ.
310 763 434 802 immo
473 764 616 814 edepol
654 772 770 814 negat
809 765 998 814 profecto,
1034 777 1166 815 neque
1200 778 1242 804 se
1276 765 1394 804 hasce
1426 766 1536 805 aedis

1318 831 1537 871 Philolachi

138 909 182 941 40
199 895 439 936 uendidisse.
511 898 588 934 TR.
621 895 698 934 e'ho
735 910 786 935 an
825 895 984 947 negauit
1023 896 1096 935 sibi
1136 898 1275 936 datum
1317 905 1534 948 argentum,

1341 966 1537 1015 opsecro?

197 1029 276 1067 TH.
308 1027 404 1078 quin
425 1027 484 1066 ius
505 1028 714 1067 iurandum
736 1027 951 1079 pollicitust
971 1028 1065 1067 dare
1086 1042 1138 1076 se,
1162 1028 1194 1067 si
1214 1030 1370 1077 uellem,
1393 1029 1501 1077 mihi,

196 1106 326 1143 neque
347 1107 389 1132 se
409 1094 528 1132 hasce
548 1093 657 1132 aedis
679 1093 907 1132 uendidisse
924 1106 1054 1144 neque
1070 1093 1145 1132 sibi
1160 1102 1366 1145 argentum
1383 1096 1532 1135 datum.

361 1172 379 1192 *
655 1173 673 1193 *
951 1174 970 1194 *
1269 1159 1445 1214 (datum)
1463 1169 1533 1201 est.

196 1226 275 1263 ΤΗ.
308 1224 388 1264 dixi
408 1238 481 1275 ego
512 1224 611 1263 istuc
642 1224 747 1264 idem
778 1224 845 1265 illi.
903 1226 980 1264 TR.
1013 1224 1109 1276 quid
1140 1225 1224 1265 ait?
1289 1228 1368 1265 ΤΗ.
1401 1240 1535 1266 seruos

1207 1291 1423 1342 pollicitust
1442 1294 1536 1332 dare

137 1370 178 1403 45
198 1370 290 1395 suos
312 1356 407 1395 mihi
428 1356 558 1395 omnis
579 1355 812 1407 quaestioni.
858 1358 934 1394 TR.
959 1360 1106 1407 nugas!
1150 1371 1369 1408 numquam
1390 1359 1535 1409 edepol

1410 1424 1531 1464 dabit.

195 1490 275 1527 ΤΗ.
307 1489 374 1527 dat
400 1489 588 1539 profecto.
647 1490 724 1527 TR.
757 1487 854 1539 quin
883 1491 947 1529 †et
977 1488 1086 1527 illum
1117 1488 1157 1526 in
1187 1488 1246 1528 ius
1275 1489 1306 1528 si
1337 1490 1530 1532 ueniam†.

1290 1557 1370 1594 ΤΗ.
1403 1570 1530 1596 mane.

195 1620 379 1671 experiar,
398 1628 440 1659 ut
461 1620 593 1672 opino.
645 1622 720 1659 TR.
744 1619 773 1673 <⁶
787 1620 909 1672 opino
925 1619 980 1673 '?)
999 1628 1149 1659 certum
1171 1629 1239 1660 est.
1292 1621 1388 1660 mihi
1409 1623 1534 1662 homi-

1306 1701 1398 1726 nem
1418 1689 1530 1728 cedo.

196 1753 276 1791 TH.
307 1751 405 1803 quid
433 1752 464 1790 si
483 1752 606 1803 igitur
626 1765 700 1802 ego
720 1765 919 1791 accersam
939 1750 1054 1804 (iam)
1083 1751 1295 1791 homines?
1350 1755 1427 1792 TR.
1459 1755 1535 1793 fac-

1035 1825 1120 1856 tum
1142 1818 1220 1857 iam
1241 1832 1327 1858 esse
1347 1819 1531 1870 oportuit.

197 1885 260 1923 uel
281 1883 485 1923 hominem
505 1883 614 1922 aedis
635 1883 728 1923 iube
749 1883 963 1934 mancupio
985 1896 1158 1934 poscere.
1209 1885 1288 1922 ΤΗ.
1312 1884 1436 1924 immo
1456 1886 1533 1924 hoc

1234 1949 1405 2000 primum
1425 1952 1530 1998 uolo,

243 2057 326 2096 1078
350 2057 414 2087 huc
426 2056 492 2088 cod.
513 2056 606 2097 (corr.
626 2055 689 2093 ΒΞ)
780 2057 830 2088 vel
843 2057 947 2096 opino
1041 2066 1124 2096 1079
1147 2057 1226 2096 quia
1244 2057 1365 2088 Bothe:
1391 2057 1446 2098 qui
1463 2057 1529 2089 cod.

197 2112 258 2132 uor
273 2100 339 2132 cod.
356 2103 446 2139 (corr.
466 2099 528 2141 ΒΞ)
622 2102 706 2132 1080
731 2111 886 2141 umquam
906 2099 971 2131 BQ:
998 2111 1096 2140 quam
1113 2100 1179 2132 cod.
1198 2101 1255 2132 :iii.
1274 2102 1310 2141 3)
1377 2102 1531 2140 argentei

195 2145 263 2176 cod.
286 2144 580 2185 (antz'quaforma)
707 2147 785 2176 1081
813 2152 847 2176 tu
867 2155 956 2175 nunc
975 2145 1059 2175 istuc
1076 2143 1223 2175 Schoell:
1248 2149 1282 2175 tu
1302 2154 1390 2175 nunc
1408 2150 1444 2175 tu
1460 2145 1528 2178 cod.

197 2190 301 2229 (nunc
319 2194 353 2219 tu
373 2188 433 2229 8²)
579 2190 661 2228 1083
684 2189 748 2222 Ta.
763 2190 827 2220 eho
844 2188 898 2220 B2:
918 2189 1021 2219 reeho
1031 2188 1096 2219 cod.
1193 2189 1275 2227 1084
1291 2188 1347 2228 qui
1357 2187 1422 2219 cod.
1492 2199 1531 2220 se

197 2233 224 2263 si
236 2233 326 2264 I!crl.:
343 2233 400 2264 sisi
415 2233 482 2264 cod.
577 2236 659 2273 1085
685 2244 816 2264 versum
832 2232 1023 2264 intem'disse
1039 2232 1119 2263 vidit
1134 2232 1328 2271 Acidalius3
1353 2233 1412 2272 qui
1425 2233 1534 2263 em'en't

196 2277 231 2307 in
257 2278 369 2307 datum
398 2282 450 2308 est
611 2279 692 2317 1087
720 2279 806 2308 idem
833 2287 897 2316 ego
931 2278 1015 2307 istuc
1043 2276 1242 2312 Niemoeller,
1271 2276 1391 2306 usitato
1421 2276 1532 2306 ordine

202 2322 283 2360 1089
297 2323 377 2362 fon.
398 2323 480 2361 quin
499 2332 571 2362 ego,
589 2323 679 2353 illum
697 2324 789 2353 intus
814 2321 840 2352 si
866 2320 1081 2350 inueniam—
1217 2330 1300 2359 1090
1323 2320 1445 2359 opinor
1460 2320 1530 2351 cod.

198 2366 300 2404 opino
315 2369 390 2400 add.
405 2369 534 2400 Schoell
562 2377 642 2406 ¹093
668 2368 730 2396 iam
748 2365 824 2397 add.
840 2363 966 2395 Schoell
1051 2374 1127 2394 esse
1139 2364 1203 2394 iam
1215 2363 1279 2394 cod.
1296 2375 1302 2394 :
1329 2364 1400 2394 [ναί.
1415 2362 1530 2394 Came-

199 2410 307 2440 rarius
458 2421 537 2449 1091
566 2411 641 2441 iube
666 2410 758 2440 aedis
784 2419 826 2440 m.
850 2407 940 2438 cod:
977 2407 1046 2437 Ιναιῖ
1077 2406 1229 2438 lllueller:
1265 2407 1342 2438 iube
1371 2418 1413 2438 m.
1435 2407 1531 2440 aedis

198 2452 303 2486 Bothe
411 2455 605 2496 mancipare
626 2454 750 2494 Ussing
850 2452 914 2483 hoc
931 2461 995 2481 om.
1014 2449 1087 2480 PCD

1557 510 1648 544 1080

1558 1102 1644 1146 1085

1555 1638 1649 1676 1090

1556 1764 1645 1800 1093

1557 1898 1643 1934 1091
