1747 2740
196 147 227 186 Ι.

186 409 228 442 45

187 736 229 770 50

188 1062 228 1095 55

187 1382 231 1416 60

247 147 262 185 i
664 146 710 184 T.
746 145 928 184 MACCI
959 145 1166 183 PLAVTI

412 260 531 300 faxim
551 262 742 299 lenonum
763 272 839 297 nee
860 265 1079 297 scortorum
1101 259 1189 310 plus
1209 257 1283 298 siet

412 335 451 366 et
472 327 593 365 minu'
609 327 896 365 damnosorum
912 324 1121 364 hominum
1136 339 1257 376 quam
1272 337 1381 364 nunc
1396 330 1489 363 sunt
1503 323 1587 363 siet.

412 407 504 432 nam
526 407 634 431 nunc
654 394 846 431 lenonum
868 399 1146 430 et-scortorum
1169 393 1257 442 plus
1278 398 1337 430 est
1356 391 1437 430 fere

412 473 532 510 quam
553 458 648 497 olim
670 471 897 496 muscarum
919 465 978 496 est
998 471 1121 508 quom
1142 458 1290 496 caletur
1311 470 1505 496 maxume.

411 539 504 563 narn
526 538 723 575 nusquam
744 523 839 562 alibi
861 522 891 562 si
913 530 1016 571 sunt,
1040 523 1187 562 circum
1208 522 1446 573 argentarias

411 590 580 632 †sc0rti†
601 591 765 628 lenones
787 588 856 639 qui
877 589 1063 628 adsident
1084 588 1258 635 cottidie,

411 670 459 695 ea
478 655 600 694 nimia
620 663 679 695 est
700 654 799 694 ratio
815 670 825 703 ;
854 654 1004 705 quippe
1025 654 1091 705 qui
1113 662 1220 693 certo
1241 654 1323 693 scio

411 723 491 760 fere
512 723 599 772 plus
619 728 839 760 scortorum
861 733 948 759 esse
968 719 1046 758 iam
1067 733 1187 771 quam
1207 720 1442 770 ponderum.

411 800 511 837 quos
532 786 695 837 quidem
717 799 838 837 quarn
866 784 870 837 Ι
896 787 947 825 ad
968 799 1051 824 rem
1071 785 1202 825 dicam
1223 785 1264 823 in
1284 784 1510 836 argentariis

410 853 551 891 referre
572 852 729 899 habere,
754 851 829 889 nisi
852 864 923 902 pro
945 850 1100 899 tabulis,
1123 850 1270 898 nescio,

410 916 479 956 ubi
499 930 590 955 aera
609 916 903 967 perscribantur
924 915 1098 954 usuraria
1114 931 1121 954 :

411 990 576 1032 accepta
596 981 699 1028 dico,
724 995 898 1032 expensa
918 995 969 1020 ne
990 981 1057 1032 qui
1079 989 1248 1021 censeat.
1288 1010 1292 1015 .

411 1055 614 1098 postremo
634 1046 676 1086 id
698 1059 843 1097 magno
865 1045 905 1084 in
926 1048 1077 1097 populo
1098 1047 1232 1086 multis
1253 1046 1495 1096 hominibus,

410 1127 452 1152 re
471 1112 629 1164 placida
648 1120 769 1163 atque
790 1112 929 1159 otiosa,
952 1111 1067 1151 uictis
1089 1112 1271 1152 hostibus
1288 1129 1295 1152 :

409 1192 542 1218 amare
563 1185 720 1230 oportet
740 1178 870 1217 omnis
892 1177 961 1228 qui
981 1179 1092 1229 quod
1113 1179 1209 1217 dent
1230 1179 1392 1218 habent.

411 1259 504 1284 nam
526 1245 622 1284 mihi
643 1246 743 1284 haec
763 1244 946 1284 me'retrix
963 1258 1064 1295 quae
1085 1244 1150 1283 hic
1165 1245 1298 1294 habet,
1314 1245 1590 1295 Phronesium,

413 1325 527 1350 suom
550 1312 698 1350 nomen
720 1324 840 1350 omne
861 1324 908 1349 ex
928 1319 1089 1362 pectore
1110 1311 1286 1350 exmouit
1307 1325 1408 1359 meo,

413 1376 706 1431 [Phronesium,
730 1377 822 1415 nam
844 1376 1053 1427 phronesis
1075 1384 1133 1415 est
1154 1376 1377 1431 sapientia}

412 1458 505 1483 nam
526 1458 590 1483 me
611 1443 730 1482 fuisse
751 1443 843 1482 huic
869 1444 995 1482 fateor
1018 1456 1220 1482 summum
1239 1451 1360 1494 atque
1380 1444 1589 1493 intumum,

411 1511 521 1560 quod
541 1509 711 1548 amantis
733 1510 859 1547 multo
881 1522 1111 1559 pessumum
1133 1517 1192 1548 est
1211 1510 1430 1561 pecuniae;

411 1577 553 1614 eadem
573 1583 786 1626 postquam
806 1575 929 1628 aliurn
950 1574 1121 1626 repperit
1141 1575 1208 1625 qui
1229 1577 1317 1627 plus
1338 1577 1459 1626 daret,

414 1641 710 1680 damnosiorem
733 1654 823 1680 meo
845 1640 988 1680 exinde
1010 1640 1194 1680 immouit
1214 1642 1315 1690 loeo,

414 1721 535 1758 quem
555 1707 753 1754 infestum,
779 1706 965 1746 odiosum
988 1706 1062 1745 sibi
1083 1720 1169 1746 esse
1190 1708 1437 1748 memorabat
1457 1711 1572 1758 mala,

291 1813 348 1843 62⁵
374 1822 436 1842 nec
453 1812 583 1852 scripsi:
609 1816 642 1842 et
660 1811 726 1842 cod.
845 1812 909 1843 siet
933 1812 1069 1853 scm'p3i:
1094 1818 1147 1844 est
1163 1811 1229 1844 cod.
1334 1814 1376 1852 64
1401 1812 1500 1856 (hic)
1516 1814 1592 1854 plus

247 1856 379 1895 Ritsclzl,
395 1856 448 1886 cui
458 1858 647 1887 scortorum
665 1855 807 1897 displicet
899 1862 950 1887 est
968 1860 1044 1887 ante
1059 1861 1093 1887 et
1105 1855 1205 1888 colloc.
1221 1856 1326 1887 Bothe
1412 1859 1454 1896 65
1472 1863 1549 1899 post
1560 1869 1588 1890 v.

246 1901 289 1930 66
305 1900 370 1931 cod.
389 1912 396 1931 ι
418 1911 496 1931 corr.
519 1899 733 1930 Camerarius
828 1899 1029 1941 quam[nus]
1047 1899 1090 1931 B¹
1112 1900 1162 1941 (cs.
1176 1911 1205 1931 v.
1218 1902 1276 1941 66)
1368 1902 1408 1940 67
1434 1907 1545 1933 scorta
1557 1908 1591 1934 et

247 1944 412 1984 Scaliger:
437 1954 481 1974 an
499 1944 642 1975 scortis?
697 1945 752 1984 qui
774 1945 925 1975 assident
939 1944 1116 1975 Mikkelsen
1133 1944 1252 1985 (Nord.
1271 1944 1394 1976 Tidskr.
1411 1945 1472 1977 Fil.
1493 1947 1588 1987 1897,

249 1999 279 2028 p.
296 1990 370 2028 973:
395 1988 490 2028 quasi
505 1988 624 2018 sedent
638 1987 704 2020 cod.
816 1989 858 2019 68
881 1989 926 2020 Fa
940 1988 972 2019 Β
986 1988 1096 2030 (Fpro
1105 1988 1149 2028 E)
1252 1991 1296 2029 69
1313 1988 1384 2019 fere
1394 1990 1524 2029 scripsi:
1541 1991 1590 2021 eri

248 2031 328 2063 cod.:
347 2033 390 2062 ibi
408 2030 545 2072 Seyffert
607 2033 672 2063 iam
690 2032 764 2063 Ital.
786 2044 793 2063 z
818 2043 892 2063 cam
911 2033 975 2065 cod.
1071 2043 1112 2071 70
1137 2032 1231 2072 Quas
1241 2033 1369 2064 Ritsclzl
1432 2033 1589 2074 equidem

249 2076 382 2115 Bentley
550 2087 590 2115 72
608 2087 688 2107 aera
709 2076 944 2108 Camerarius:
977 2088 1018 2108 ae
1033 2077 1102 2109 cod.
1124 2078 1203 2118 (hae
1227 2077 1317 2118 ΡΨ)
1343 2077 1416 2118 (pro
1439 2088 1519 2110 aera
1534 2083 1593 2119 per

248 2119 414 2161 compend.
437 2121 541 2161 script.
558 2122 584 2159 3)
682 2131 722 2160 73
747 2121 891 2161 accipiat
910 2122 940 2153 d.
962 2132 990 2153 e.
1012 2132 1123 2161 neque
1142 2132 1168 2154 c.
1195 2121 1260 2153 cod.
1281 2133 1289 2153 :
1313 2132 1390 2152 corr.
1416 2121 1591 2153 Aa'dalius

250 2174 289 2203 74
315 2164 347 2195 id
373 2165 430 2194 vix
445 2164 648 2204 firendum:
688 2170 722 2195 ut
749 2164 919 2195 Baehrens
1030 2165 1157 2205 populo
1176 2165 1259 2197 inB
1368 2164 1448 2209 (in)
1475 2166 1589 2197 multis

252 2208 486 2240 Camerarius:
524 2209 645 2239 mulier
672 2207 737 2238 cod.
892 2218 931 2248 75
968 2208 1104 2249 plagida
1126 2209 1191 2241 cod.
1224 2208 1269 2250 (G
1284 2215 1344 2251 pro
1369 2209 1411 2240 C‘.
1549 2221 1588 2250 77

250 2253 333 2283 haec
352 2251 486 2294 (nunc)
506 2251 645 2282 Mueller
779 2253 818 2292 78
842 2263 962 2284 omnes
978 2253 1044 2284 cod.
1062 2265 1068 2283 :
1094 2264 1173 2284 corr.
1193 2252 1408 2284 Camerarius
1533 2255 1590 2294 78³

253 2296 452 2327 Phronesim
467 2294 541 2335 Leo,
563 2297 622 2336 qui
640 2306 771 2327 versum
793 2300 902 2326 tuetur
916 2297 971 2333 [iv.
1004 2298 1037 2334 Ι)
1203 2298 1242 2328 81
1271 2298 1348 2337 pius
1369 2298 1479 2337 (prius
1497 2296 1587 2337 PCD)

251 2340 318 2371 cod.
335 2340 366 2380 <1
376 2347 438 2381 pro
451 2340 491 2380 L)
562 2341 604 2371 82
623 2350 700 2370 meo
711 2341 834 2381 scripsi:
853 2340 932 2370 mihi
944 2340 1010 2371 cod.
1029 2341 1105 2382 (pro
1119 2351 1194 2372 meo
1205 2341 1436 2382 percompend.
1449 2341 1588 2383 script')

253 2385 355 2414 exine
372 2384 404 2414 B
494 2394 546 2415 ex.
567 2394 620 2414 me
639 2384 743 2414 mouit
759 2384 779 2415 1.
800 2383 980 2414 Abraham
996 2384 1083 2415 stud.
1103 2383 1215 2416 Plaut.
1233 2395 1310 2424 237.
1326 2385 1387 2415 alii
1473 2386 1514 2424 83
1528 2386 1587 2425 qui

254 2428 431 2459 manifesta
451 2427 520 2469 [ac]
549 2438 579 2459 ο.
608 2427 675 2459 cod,
701 2429 729 2468 (3
748 2433 810 2468 pro
835 2438 870 2467 q;
896 2427 1062 2459 misestum
1089 2439 1119 2460 o.
1149 2429 1187 2469 cs.
1213 2428 1260 2458 ad
1280 2428 1361 2462 Aul.
1383 2429 1482 2470 784):
1507 2439 1585 2460 corr.

253 2472 341 2509 Ital..
362 2471 571 2502 Lambinus:
597 2482 699 2512 quem
718 2472 863 2503 antehac
880 2481 910 2503 0.
930 2471 1102 2503 Buecheler

1610 267 1676 302 62⁸

1607 798 1654 834 70

1611 1383 1678 1427 78⁵

1612 1519 1659 1554 80
