1747 2740
630 123 1035 165 MOSTELLARIA
1430 125 1499 166 IV.
1518 125 1550 164 ii

171 240 250 278 ΤΗ.
281 240 347 279 ain
368 240 484 279 minis
506 240 662 293 triginta
681 240 849 280 amicam
871 240 1107 280 destinatam
1131 241 1457 280 Philolachem—
1473 243 1492 279 2³

82 313 148 349 975
171 305 274 343 ΡΗΑ.
306 304 394 345 aiio.
454 307 537 344 Tu.
566 314 685 357 atque
723 319 810 345 eam
851 319 969 344 manu
1009 304 1214 344 emisisse?
1275 307 1377 344 PHA.
1410 303 1498 343 aiio.

759 372 837 408 ΤΗ.
871 378 919 417 et,
944 379 1153 420 postquam
1176 370 1259 409 eius
1279 371 1371 408 hinc
1393 377 1503 420 pater

167 433 216 472 sit
237 436 434 484 profectus
454 449 625 486 peregre,
648 444 876 485 perpotasse
899 435 1079 481 adsiduo,
1103 436 1148 473 cic
1170 435 1285 473 simul
1521 446 1563 487 65

168 507 236 538 tuo
263 514 354 538 cum
384 501 579 540 domino?
636 503 739 539 PHA.
771 501 858 539 aiio.
923 503 1003 538 ΤΗ.
1036 501 1165 551 quid?
1205 501 1236 540 is
1268 501 1377 541 aedis
1407 502 1503 541 emit

1058 567 1128 605 has
1150 566 1242 605 hinc
1263 569 1503 618 proxumas?

169 633 271 669 PHA.
315 644 395 670 non
427 630 514 669 aiio.
576 633 654 669 TH.
699 630 958 682 quadraginta
986 630 1104 670 etiam
1135 631 1246 670 dedit
1278 631 1369 670 huic
1401 645 1503 682 quae

1167 705 1298 736 essent
1318 697 1471 748 pignori
1487 699 1504 735 ?

168 764 269 800 PHA.
303 776 432 813 neque
453 762 552 801 istuc
568 762 655 801 aiio.
715 764 794 801 ΤΗ.
827 762 862 801 ei
884 765 889 800 !
920 762 1064 813 perdis.
1124 765 1226 801 PHA.
1249 762 1372 802 immo
1388 776 1502 801 suom

1048 836 1198 879 patrem
1221 827 1298 866 illic
1319 827 1500 878 perdidit.

78 899 148 942 980
167 894 246 931 ΤΗ.
279 907 371 932 uera
390 901 535 932 cantas.
597 895 699 931 ΡΗΑ.
732 907 835 932 uana
855 895 1009 932 uellem.
1070 893 1188 943 patris
1210 893 1372 932 amicu's
1397 893 1504 932 uide-

1397 958 1498 997 licet.

165 1025 244 1062 ΤΗ.
268 1038 316 1063 eu
338 1025 481 1076 edepol
502 1032 652 1076 patrem
673 1024 771 1064 eiius
793 1024 979 1063 miserum
1001 1024 1227 1075 praedicas!
1277 1026 1379 1063 ΡΗΑ.
1403 1023 1501 1062 nihil
1523 1041 1562 1072 :0

1148 1091 1224 1128 hoc
1245 1089 1407 1140 quidem
1429 1096 1498 1137 est,

164 1154 321 1206 triginta
341 1155 485 1204 minae,
506 1169 597 1206 prae
618 1169 737 1206 quam
759 1155 857 1194 alios
879 1154 1040 1205 dapsilis
1062 1163 1242 1205 sumptus
1263 1155 1365 1194 facit.

164 1222 244 1258 ΤΗ.
276 1220 448 1270 perdidit
478 1228 640 1271 patrem.
716 1222 818 1258 PHA.
865 1233 967 1259 unus
1000 1220 1087 1259 istic
1120 1234 1254 1259 seruos
1289 1229 1348 1259 est
1379 1235 1502 1260 sacer-

1353 1301 1501 1335 rumus,

164 1350 311 1390 Tranio
330 1367 337 1390 ε
367 1350 398 1390 is
419 1352 483 1389 uel
504 1351 670 1390 Herculi
692 1355 920 1391 †conterere
940 1359 1148 1402 quaestum
1169 1357 1336 1403 potestt.

75 1419 141 1464 985
164 1417 306 1467 edepol
336 1430 385 1455 ne
416 1430 478 1455 me
509 1416 592 1455 eius
622 1416 741 1468 patris
771 1416 912 1456 misere
938 1416 1106 1464 miseret,
1137 1417 1204 1468 qui
1231 1431 1353 1468 quom
1379 1418 1499 1457 istaec

1402 1491 1498 1523 sc1et

161 1551 262 1589 facta
283 1550 346 1598 ita,
368 1552 548 1591 amburet
569 1551 605 1590 ei
626 1551 770 1590 misero
791 1552 993 1590 corculum
1016 1551 1290 1590 carbunculus.
1517 1564 1557 1599 75

161 1618 240 1654 ΤΗ.
272 1616 304 1655 si
328 1616 490 1667 quidem
517 1617 637 1656 istaec
664 1631 757 1656 uera
780 1624 881 1655 sunt.
942 1618 1044 1654 ΡΗΑ.
1077 1616 1174 1667 quid
1202 1631 1350 1655 merear
1376 1631 1495 1667 quam

1125 1683 1178 1720 ob
1199 1696 1281 1720 rem
1302 1682 1497 1721 mentiar?

162 1749 221 1787 P1.
253 1750 350 1788 heus
371 1762 454 1797 uos,
477 1748 612 1799 ecquis
640 1749 758 1788 hasce
785 1747 941 1799 aperit?
999 1749 1101 1786 ΡΗΑ.
1134 1747 1231 1798 quid
1255 1747 1348 1786 istas
1368 1749 1497 1798 pultas

1056 1812 1123 1852 ubi
1146 1826 1264 1852 nemo
1285 1812 1389 1852 intus
1411 1815 1498 1852 est?

158 1880 236 1920 alio
256 1881 375 1920 credo
396 1879 651 1920 comissatum
671 1879 825 1919 abiisse.
884 1879 1075 1918 abeamus
1096 1877 1338 1917 nunciam—

203 1996 266 2025 974
291 1985 495 2016 destinatum
513 1983 546 2015 Ρ
634 1983 817 2015 Philolachi
838 1983 1035 2014 Gulielmius
1052 1984 1172 2024 (immo
1193 1985 1263 2023 nae)
1429 1994 1495 2024 975

160 2029 246 2061 eiius
263 2029 296 2059 A
387 2030 453 2068 976
469 2029 517 2059 vel
530 2028 761 2068 perpotauisse
847 2038 885 2057 ac
903 2027 1001 2058 simul
1019 2038 1084 2059 om.
1105 2028 1137 2058 Ρ
1237 2038 1301 2068 977
1326 2028 1375 2059 vel
1388 2028 1431 2059 sic
1445 2027 1494 2058 di-

159 2073 290 2114 stingue
304 2073 385 2113 quid
406 2073 454 2104 is?
479 2072 553 2103 aed.
660 2073 721 2102 has
744 2071 840 2112 hinc]
860 2071 913 2102 hic
937 2071 971 2102 P
1090 2073 1155 2111 978
1179 2072 1243 2103 huc
1267 2072 1300 2103 Ρ
1320 2073 1408 2113 (corr.
1428 2071 1493 2111 ΒΕ)

160 2118 216 2156 qui
235 2117 267 2147 A
366 2122 417 2147 cst
434 2116 466 2147 Ρ
552 2126 616 2155 979
639 2126 670 2146 n.
691 2115 771 2146 illud
789 2115 830 2153 B,
852 2115 884 2145 A
905 2125 937 2146 n.
954 2115 974 2146 l.
1077 2116 1139 2154 981
1166 2116 1217 2146 vel
1240 2117 1307 2147 heu
1391 2115 1492 2157 eiius]

160 2169 271 2191 meum
283 2161 377 2202 (eum
392 2159 432 2199 C)
444 2158 477 2189 P
561 2160 625 2199 982
651 2164 874 2199 preterquam
887 2158 920 2188 P
984 2159 1158 2198 dapsillies
1171 2159 1204 2189 Ρ
1288 2161 1353 2199 983
1377 2159 1427 2191 vel
1438 2159 1493 2190 isti

160 2214 207 2236 se.
219 2209 270 2235 est
287 2204 351 2245 sa.]
370 2213 493 2234 seruos
515 2203 542 2233 si
563 2205 639 2243 (pro
656 2202 864 2240 seruolust'l)
885 2203 1067 2233 acerrimus
1079 2202 1111 2232 P
1233 2203 1297 2242 984
1322 2204 1378 2234 vix
1393 2214 1493 2242 quae—

159 2248 257 2278 situm
365 2252 444 2287 pote
461 2248 524 2277 siet
541 2246 625 2277 Ellis
639 2258 646 2277 t
670 2247 799 2286 possiet
819 2246 1032 2277 Canwrarius
1142 2247 1207 2286 985
1232 2257 1276 2277 ne
1292 2258 1358 2278 om.
1375 2245 1409 2276 Ρ
1427 2247 1489 2286 (iii.

162 2292 194 2325 ἣ
297 2292 421 2322 misere
437 2301 503 2321 om.
521 2290 553 2320 Ρ
569 2291 627 2321 rifi.
642 2292 673 2331 1)
775 2290 840 2329 986
867 2290 927 2329 ital
949 2291 1011 2329 ista
1031 2290 1140 2331 [esse]
1158 2292 1192 2321 Α
1297 2291 1359 2331 (θζιί
1381 2291 1493 2330 miseri

157 2335 191 2365 A
210 2347 217 2366 ε
241 2335 362 2366 misero
380 2335 411 2365 ei
429 2334 462 2364 P
547 2335 611 2374 988
636 2345 663 2365 e.
684 2334 794 2373 aperit
812 2334 871 2364 has
891 2334 923 2362 A
945 2334 1042 2372 (lpro
1058 2334 1155 2374 ecqui
1172 2334 1290 2376 a.has)
1382 2335 1447 2366 ista
1463 2333 1497 2365 Ρ

158 2379 226 2421 est]
245 2384 276 2410 st
291 2379 325 2410 P
342 2385 418 2420 &pro
435 2379 479 2409 sit
494 2379 520 2419 ἓ)
653 2379 720 2419 989
742 2377 880 2408 abemus
896 2376 930 2407 Ρ
943 2378 1039 2419 (corr.
1057 2377 1118 2419 3⁸)

202 2468 321 2490 PLAVT.
341 2468 368 2489 11
1384 2460 1406 2490 9
