1747 2740
192 154 241 192 V.
265 155 310 190 vi
682 152 728 189 T.
763 151 945 190 MACCI
978 151 1182 189 PLAVTI

325 266 394 303 Lv.
426 263 521 316 perii
552 265 709 303 hercle!
768 265 842 301 AG.
878 262 1001 301 immo
1032 264 1109 302 hau
1138 264 1264 302 multo
1290 272 1389 314 post,
1421 263 1450 302 si
1478 264 1516 302 in
1543 263 1602 303 ius
1626 271 1716 315 1360

1437 330 1599 369 ueneris.

325 398 394 434 Lv.
426 395 521 446 quin
543 402 700 446 egomet
721 393 792 433 tibi
815 408 877 432 me
897 394 1053 433 addico.
1114 394 1209 445 quid
1231 402 1409 445 praetore
1424 397 1571 446 opust?

207 475 247 507 25
323 475 460 500 uerum
482 474 647 512 opsecro
668 467 706 499 te
727 466 769 498 ut
790 459 905 498 liceat
927 459 1113 510 simplum
1135 462 1298 507 soluere,

321 533 517 565 trecentos
539 525 743 575 Philippos
761 539 771 572 ;
800 526 920 563 credo
942 525 1102 564 conradi
1124 533 1253 576 potest
1272 541 1279 563 :

319 605 402 630 cras
422 591 648 630 auctionem
671 589 822 629 faciam.
882 592 957 628 AG.
991 590 1179 640 tantisper
1199 590 1361 640 quidem

320 665 361 693 ut
383 657 434 695 sis
454 656 561 707 apud
583 668 646 694 me
667 655 796 706 lignea
817 654 856 693 in
877 655 1067 694 custodia.
1627 656 1710 700 1365

324 723 392 760 ΙΝ.
426 722 502 760 fiat.
564 723 639 759 AG.
673 733 837 770 sequere
858 720 972 768 intro,
991 728 1127 770 patrue
1150 720 1213 767 mi,
1233 729 1274 758 ut
1297 719 1436 774 [hunc]
1459 723 1600 760 festum

1495 787 1600 825 diem

204 863 247 895 30
319 852 538 891 habeamus
560 850 693 898 hilare,
717 849 847 888 huiius
870 852 974 889 malo
995 858 1033 889 et
1054 858 1189 889 nostro
1212 851 1329 890 bono.

317 984 487 1021 multum
508 983 647 1021 ualete.
709 983 833 1020 multa
853 982 975 1020 uerba
995 981 1159 1021 fecimus
1177 997 1187 1030 ;

316 1049 465 1086 malurn
487 1055 690 1098 postremo
710 1060 830 1086 omne
850 1049 901 1086 ad
922 1048 1107 1086 lenonem
1126 1048 1297 1087 reccidit.

317 1127 435 1160 nunc,
457 1114 567 1163 quod
587 1120 833 1162 postremum
855 1121 913 1152 est
934 1113 1235 1152 condimentum
1257 1115 1423 1162 fabulae,
1622 1126 1712 1162 1370

315 1178 347 1217 si
368 1178 525 1230 placuit,
549 1179 732 1229 plausum
754 1180 927 1228 postulat
949 1179 1226 1218 comoedia.-

660 1266 824 1317 (ALTER
857 1268 1015 1304 ExlTvs
1047 1269 1257 1317 FABVLAE)

182 1416 244 1454 vii
294 1418 742 1454 AGORASTOCLES
837 1415 1015 1452 Lycvs
1109 1417 1572 1454 ANTAMoEmes

335 1483 540 1520 HANNO
614 1482 1032 1519 ADELPHASIVM
1109 1483 1535 1520 ANTERASTlLls

315 1571 390 1608 AG.
424 1569 556 1618 Quam
577 1567 659 1607 rem
681 1567 777 1618 agis,
794 1567 936 1607 miles?
966 1568 1033 1619 qui
1055 1568 1163 1607 lubet
1184 1577 1323 1619 patruo
1345 1583 1434 1608 meo

314 1634 423 1686 loqui
443 1634 733 1673 inclementer?
762 1647 812 1672 ne
834 1633 973 1672 mirere
994 1634 1176 1673 mulieres

313 1701 423 1751 quod
443 1713 534 1739 eum
555 1706 773 1749 sequontur
791 1714 798 1737 :
829 1700 951 1738 modo
972 1698 1159 1749 cognouit
1180 1699 1278 1738 filias

314 1779 404 1804 suas
425 1765 509 1804 esse
530 1766 649 1803 hasce
669 1764 817 1803 ambas.
852 1766 922 1802 Lv.
942 1766 1048 1813 hem,
1062 1766 1171 1815 quod
1188 1766 1354 1804 uerbum
1371 1766 1474 1805 auris
1489 1780 1594 1806 meas
1619 1782 1702 1818 1375

223 1843 241 1874 5
314 1830 471 1881 tetigit?
505 1843 612 1869 nunc
633 1829 729 1880 perii
747 1832 754 1868 ἕ
813 1831 947 1867 ΑΝΤΑ.
980 1831 1086 1868 unde
1106 1831 1204 1869 haec
1225 1830 1423 1880 perierunt
1443 1833 1595 1870 domo?

313 1898 388 1935 AG.
420 1895 765 1947 Carthaginienses
786 1903 888 1933 sunt.
949 1896 1018 1933 Lx'.
1050 1903 1089 1933 at
1110 1908 1183 1945 ego
1203 1909 1290 1934 sum
1311 1896 1496 1946 perditus

312 1962 403 2001 illuc
423 1975 497 2012 ego
518 1960 665 2000 metuei
685 1974 839 2012 semper
860 1974 910 1999 ne
929 1969 1186 2011 cognosceret

311 2040 377 2066 eas
397 2026 547 2077 aliquis,
563 2028 673 2078 quod
690 2040 795 2065 nunc
812 2028 1006 2064 factumst.
1066 2029 1199 2064 ANTA.
1223 2040 1296 2066 uae
1313 2027 1455 2066 misero
1471 2028 1566 2066 mihi
1584 2032 1590 2067 f

313 2093 382 2131 Lv.
415 2091 576 2142 periere,
597 2092 748 2143 opinor,
771 2091 1045 2141 duodeuiginti
1069 2092 1208 2139 minae,
1614 2098 1702 2142 138³

302 2197 387 2236 1360
411 2197 443 2228 in
463 2197 530 2238 ius]
551 2197 642 2228 intus
661 2196 693 2226 P
792 2197 870 2234 1361
899 2196 995 2237 quid]
1016 2198 1106 2236 quod
1124 2197 1157 2227 P
1256 2199 1339 2237 1366
1363 2198 1451 2228 hunc
1468 2208 1534 2229 om.
1554 2198 1587 2228 A

261 2242 340 2280 ¹367
366 2241 528 2272 habemus
556 2240 588 2270 P
611 2242 704 2278 (corr.
737 2238 796 2277 8¹)
913 2240 1019 2270 hilare
1046 2241 1196 2282 Bentley:
1239 2242 1376 2272 hilarem
1406 2242 1468 2280 til.)
1499 2242 1587 2273 codd.

257 2285 329 2325 (vix
343 2284 570 2320 Plaut'inum,⁸
593 2284 631 2325 qs.
648 2283 826 2314 Abraham
843 2282 929 2314 stud.
952 2283 1063 2315 Plani.
1088 2288 1167 2326 221)
1294 2287 1377 2326 1369
1401 2291 1533 2325 posttro
1555 2287 1587 2315 A

258 2328 413 2369 reccidit]
434 2329 523 2359 redit
541 2327 573 2357 P
703 2336 785 2366 ¹370
802 2326 880 2365 quid
896 2325 928 2355 P
1063 2339 1143 2368 1372
1167 2330 1266 2368 agitis
1282 2328 1316 2359 P
1402 2330 1520 2360 melius
1537 2331 1588 2360 cui

257 2372 290 2401 A
311 2373 406 2412 (lpro
431 2371 536 2411 meil.)
676 2379 756 2409 1373
781 2380 824 2400 ne
849 2369 988 2411 misere]
1017 2373 1201 2403 meminere
1226 2373 1259 2404 P
1280 2376 1354 2412 (ηε,
1379 2373 1412 2403 Β
1432 2385 1471 2404 m·
1494 2375 1588 2404 com-A

261 2417 343 2454 1376
366 2414 429 2446 Ac.
457 2416 558 2446 domo
580 2414 612 2445 P
634 2418 670 2444 ut
689 2413 752 2444 vid.
892 2422 969 2453 1377
998 2417 1147 2455 trpctitur
1163 2421 1237 2457 post
1264 2418 1341 2456 1381
1372 2418 1444 2447 subs
1462 2419 1494 2448 A
1518 2418 1588 2447 iam

257 2458 373 2499 deficit)
392 2458 425 2488 P
441 2460 553 2499 ‘atque
569 2458 677 2489 omitti
686 2460 864 2498 potuerunt
875 2467 923 2487 vv.
944 2460 1085 2497 1378-81
1101 2459 1108 2470 '
1127 2459 1192 2490 Leo
1317 2463 1398 2501 1380
1426 2461 1473 2491 ῑίἸ
1485 2462 1588 2503 opino
