1747 2740
743 157 971 195 RVDENS
1474 158 1526 195 II.
1547 158 1591 194 iii

188 268 264 305 TR.
306 266 403 318 quid
433 268 606 305 faceret?
662 268 743 305 AM.
791 268 822 305 si
860 267 1031 314 amabat,
1063 280 1186 317 rogas,
1218 267 1315 317 quid
1355 269 1528 307 faceret?

1302 335 1527 372 adseruaret

98 401 168 444 380
186 397 271 436 dies
292 399 521 447 noctesque,
544 396 583 435 in
605 397 786 436 custodia
807 405 911 436 esset
931 411 1096 449 semper.
1157 413 1294 437 uerum
1317 408 1469 438 ecastor

185 469 228 500 ut
249 462 362 501 multi
383 462 474 501 fecit
495 462 548 501 ita
569 463 693 513 probe
713 463 867 501 curauit
889 462 1151 513 Plesidippus.
1550 473 1591 505 50

184 529 261 566 TR.
294 542 367 579 qur
387 536 429 567 tu
451 527 551 567 istuc
578 528 707 567 dicis?
749 530 832 566 AM.
866 542 925 567 res
954 530 1083 579 palam
1112 537 1180 568 est.
1242 531 1320 568 TR.
1351 530 1435 568 scin
1456 533 1528 569 tu?

1073 595 1191 634 etiam
1212 595 1280 645 qui
1302 596 1330 634 it
1352 598 1526 635 lanatum

184 661 223 697 in
246 659 432 706 balineas,
455 673 578 710 quom
600 659 654 699 ibi
675 661 815 698 sedulo
836 673 906 699 sua
927 660 1164 699 uestimenta
1184 669 1323 708 seruat,

183 733 317 764 tamen
356 726 642 776 surrupiuntur‚
678 725 827 777 quippe
866 726 934 776 qui
980 740 1100 777 quem
1147 726 1302 765 illorum
1343 737 1526 778 opseruet

1366 795 1502 832 falsust
1518 810 1528 842 ;

97 861 161 905 385
184 858 244 894 fur
264 857 378 896 facile
399 872 518 908 quem
541 865 725 908 opseruat
747 858 856 897 uidet
874 873 881 895 :
913 866 1047 897 custos
1068 858 1135 909 qui
1157 860 1217 897 fur
1237 859 1286 898 sit
1307 859 1442 899 nescit.

183 924 253 961 sed
274 925 377 962 duce
398 938 461 962 me
481 925 532 962 ad
553 924 659 962 illam
682 924 749 963 ubi
766 932 835 963 est.
886 927 969 963 AM.
999 924 1010 962 i
1032 939 1126 963 sane
1147 925 1187 963 in
1208 926 1374 964 Veneris
1390 928 1525 965 fanum
1548 935 1587 967 55

1311 992 1389 1029 huc
1410 991 1523 1038 intro,

183 1055 388 1092 sedentem
428 1056 670 1104 flentemque
709 1054 918 1104 opprimes.
979 1057 1055 1093 ΤΗ.
1099 1063 1140 1093 ut
1179 1055 1256 1093 izim
1291 1055 1391 1094 istuc
1431 1056 1526 1094 mihi

1252 1123 1502 1159 molestumst
1519 1125 1526 1160 ἕ

182 1186 251 1222 sed
288 1184 385 1234 quid
420 1186 516 1223 flet?
563 1186 646 1223 AM.
689 1198 762 1235 ego
797 1185 928 1223 dicam
964 1185 1058 1224 tibi:
1099 1187 1176 1223 hoc
1210 1199 1296 1224 sese
1330 1187 1525 1225 excruciat

1389 1252 1523 1298 animi,

182 1318 274 1368 quia
295 1319 387 1356 leno
406 1317 556 1356 ademit
577 1317 758 1356 cistulam
780 1317 815 1356 ei
838 1331 958 1368 quam
986 1319 1160 1357 habebat
1181 1318 1331 1368 ubique
1352 1319 1523 1356 habebat

96 1397 164 1432 390
182 1383 249 1434 qui
270 1397 362 1422 suos
382 1391 564 1434 parentes
585 1384 749 1422 noscere
769 1392 927 1434 posset:
958 1398 1045 1422 eam
1067 1392 1224 1423 ueretur

182 1463 232 1487 ne
262 1448 427 1499 perierit.
488 1450 565 1486 TR.
611 1448 774 1487 ubinam
810 1463 855 1487 ea
889 1449 961 1487 fuit
991 1449 1213 1488 cistellula?
1251 1452 1334 1487 ΑΜ.
1372 1449 1520 1488 ibidem
1543 1451 1587 1483 60

1356 1515 1395 1553 in
1417 1515 1519 1553 naui.

182 1579 376 1618 conclusit
396 1579 480 1630 ipse
501 1579 541 1617 in
562 1579 755 1626 uidulum,
779 1593 830 1618 ne
850 1580 965 1630 copia
985 1588 1088 1619 esset
1108 1580 1206 1619 eiius

182 1645 249 1696 qui
270 1659 362 1684 suos
383 1653 565 1696 parentes
586 1653 777 1683 nosceret.
838 1647 914 1683 TR.
948 1659 972 1684 o
993 1646 1145 1685 facinus
1166 1646 1411 1696 inpudicum,

183 1725 302 1761 quam
323 1710 487 1748 liberam
508 1723 595 1748 esse
615 1718 796 1760 oporteat
817 1710 963 1749 seruire
984 1713 1182 1761 postulare
1199 1715 1206 1750 l

95 1785 160 1822 395
182 1779 265 1814 ΑΜ.
298 1789 405 1813 nunc
426 1789 513 1813 eam
534 1788 625 1812 cum
647 1774 740 1813 naui
762 1775 911 1813 scilicet
932 1776 1076 1815 abiisse
1097 1790 1256 1827 pessum
1279 1778 1317 1815 in
1338 1779 1474 1816 altum.

181 1850 219 1880 et
239 1854 378 1879 aurum
399 1848 438 1879 et
458 1848 664 1890 argentum
684 1840 756 1878 fuit
777 1841 932 1879 lenonis
953 1855 1073 1880 omne
1095 1842 1255 1880 ibidem.
1541 1844 1582 1885 65

180 1909 257 1946 TR.
289 1908 410 1945 credo
433 1905 606 1956 aliquem
632 1905 870 1944 immersisse
896 1915 1016 1957 atque
1044 1921 1135 1946 eum
1163 1909 1375 1958 excepisse.
1436 1914 1518 1948 AM.

1112 1973 1152 2011 id
1174 1974 1314 2012 misera
1335 1984 1521 2014 maestast

180 2039 254 2078 sibi
286 2053 423 2078 eorum
455 2038 635 2078 euenisse
666 2038 852 2089 inopiam.
913 2041 989 2078 TR.
1023 2040 1100 2078 iam
1136 2040 1234 2079 istoc
1270 2041 1393 2091 magis
1427 2056 1520 2080 usus

1380 2109 1520 2146 factost

180 2179 222 2209 ut
243 2185 330 2209 eam
351 2170 454 2209 intro
475 2171 734 2220 consolerque
753 2184 851 2217 eam,
876 2184 926 2209 ne
947 2171 1003 2209 sic
1024 2185 1065 2209 se
1086 2171 1281 2209 excruciet
1301 2172 1449 2220 animi3

93 2251 163 2285 400
181 2251 272 2275 nam
295 2238 418 2274 multa
438 2244 591 2286 praeter
610 2250 721 2286 spem
743 2236 825 2275 scio
847 2236 981 2274 multis
1003 2237 1108 2275 bona
1130 2238 1321 2275 euenisse.

225 2344 287 2381 384
312 2344 513 2373 obseruatus
531 2343 557 2381 (3
574 2341 636 2382 ·at)
654 2341 686 2372 Β
703 2342 755 2381 (cs.
775 2342 855 2381 385)
980 2342 1043 2380 385
1068 2342 1124 2381 qui
1142 2342 1212 2374 obs.
1235 2342 1332 2372 Goet:
1453 2344 1518 2381 386

183 2383 282 2417 illam.
321 2386 390 2417 ΑΜ.
419 2387 427 2415 i
453 2395 536 2416 sane
553 2405 593 2408 -—
609 2385 675 2416 TR.
704 2386 814 2416 ubist?
861 2384 929 2416 ΑΜ.
959 2385 991 2415 in
1012 2388 1054 2418 ’Ὗ
1074 2387 1138 2416 Leo
1273 2396 1336 2424 392
1361 2387 1389 2415 ei
1409 2385 1518 2416 Luchs

181 2440 245 2469 395
269 2441 342 2461 eurn
369 2430 500 2469 Bentley
640 2439 705 2469 399
730 2434 765 2462 ut
793 2429 1026 2460 Camerarius:
1059 2440 1099 2464 ne
1127 2429 1190 2461 cod.
1293 2441 1329 2460 se
1359 2431 1404 2460 sic
1425 2429 1516 2462 cod.t

182 2475 254 2506 trai.
277 2474 305 2505 G
308 2475 410 2505 m'etns
