1747 2740
767 122 1007 162 STICHVS
1515 127 1544 164 Ι.
1567 126 1580 163 i

265 245 396 284 neque
417 231 482 272 ille
502 231 570 272 eos
592 233 764 272 honores
787 231 883 271 mihi
905 245 1005 283 quos
1028 233 1166 272 habuit
1187 234 1359 285 perdidit
1377 248 1387 282 ;

147 310 191 348 50
265 312 357 337 nam
378 300 445 350 pol
466 297 561 337 mihi
581 305 690 350 grata
709 306 953 350 acceptaque
975 299 1107 338 huiust
1130 300 1361 350 benignitas.

264 370 304 402 et
325 377 388 402 me
408 363 570 415 quidem
592 365 691 403 haec
711 363 898 403 condicio
919 378 1026 403 nunc
1047 378 1127 404 non
1149 365 1324 417 paenitet

265 443 395 480 neque
415 437 474 468 est
494 443 567 480 qur
587 431 769 469 studeam
791 431 862 469 has
883 430 1041 481 nuptias
1062 431 1271 479 mutarier3

265 508 403 533 uerum
424 502 626 545 postremo
647 494 687 533 in
708 495 819 546 patri’
840 503 1037 546 potestate
1059 503 1117 534 est
1138 495 1257 535 situm
1278 511 1284 534 :

265 560 493 598 faciendum
514 559 554 599 id
576 559 692 599 nobis
714 561 824 610 quod
846 569 1028 611 parentes
1050 560 1256 612 imperant.

147 637 164 674 5
172 635 188 672 5
266 627 371 664 ΡΑΜ.
404 625 486 664 scio
505 632 626 676 atque
646 625 686 664 in
707 626 921 677 cogitando
942 640 1118 665 maerore
1137 640 1293 677 augeor,

265 705 358 730 nam
378 692 671 742 propemodum
693 691 770 730 iam
792 692 967 731 ostendit
988 705 1099 730 suam
1121 692 1370 731 sententiam.

266 759 368 796 PAN,
402 757 515 807 igitur
535 770 771 808 quaeramus
794 757 909 797 nobis
930 757 1027 808 quid
1049 759 1152 796 facto
1174 760 1258 796 usu'
1279 756 1358 811 sit]

319 927 586 964 ANT1PHo
699 927 1029 964 PANEGYRis
1141 928 1444 965 PAMPHILA

212 1017 291 1054 AN.
325 1015 405 1065 Qui
434 1022 567 1054 manet
594 1022 637 1054 ut
665 1022 874 1054 moneatur
895 1028 1051 1065 semper
1071 1028 1205 1054 seruos
1234 1017 1357 1054 homo
1378 1015 1552 1055 officium

1439 1095 1554 1120 suom

212 1160 286 1186 nee
315 1147 520 1186 uoluntzite
547 1146 587 1186 id
614 1148 743 1186 facere
764 1147 956 1195 meminit,
979 1160 1113 1186 seruos
1141 1147 1172 1186 is
1200 1147 1337 1186 habitu
1365 1149 1442 1186 hau
1471 1162 1556 1199 pro-

1450 1214 1551 1252 bust.

148 1282 195 1316 60
213 1292 286 1318 uos
307 1278 541 1318 meministis
562 1278 840 1329 quotcalendis
862 1286 995 1330 petere
1016 1280 1253 1318 demensum
1282 1279 1416 1318 cibum
1437 1294 1444 1318 :

212 1345 280 1396 qui
301 1345 422 1384 minu'
444 1345 810 1396 meministis'quod
832 1358 933 1396 opus
955 1345 1003 1384 sit
1024 1347 1128 1384 facto
1149 1346 1277 1384 facere
1298 1345 1338 1383 in
1358 1345 1555 1384 aedibus?

212 1410 290 1449 iam
312 1410 475 1462 quidem
502 1410 542 1449 in
569 1413 641 1450 suo
669 1410 842 1462 quicque
863 1412 953 1450 loco
975 1411 1050 1450 nisi
1071 1411 1142 1450 erit
1168 1411 1265 1449 mihi
1287 1411 1406 1450 situm
1428 1413 1556 1461 supel-

1402 1476 1554 1524 le'ctilis,

213 1555 337 1593 quom
368 1554 441 1592 ego
470 1549 655 1590 reuortar‚
689 1555 761 1581 uos
793 1542 1063 1582 monumentis
1093 1542 1453 1582 commonefaciam
1488 1543 1557 1581 bu-

1439 1608 1554 1647 bulis.

213 1687 295 1712 non
316 1674 498 1713 homines
520 1673 698 1713 habitare
720 1688 879 1714 mecum
902 1674 955 1713 mi
978 1674 1042 1713 hie
1064 1674 1258 1722 uidentur,
1283 1676 1353 1714 sed
1375 1687 1478 1713 sues.

148 1744 191 1788 65
214 1740 329 1778 facite
342 1740 453 1778 sultis
470 1739 619 1778 nitidae
633 1748 675 1778 ut
692 1741 811 1779 aedes
830 1753 941 1779 meae
958 1740 1046 1787 sint,
1063 1753 1185 1790 quom
1200 1741 1359 1779 redeam
1374 1741 1551 1779 domurn.

213 1805 290 1844 iam
308 1818 380 1855 ego
397 1804 507 1843 domi
523 1806 644 1844 adero
664 1821 671 1843 z
701 1807 752 1844 ad
768 1819 897 1844 meam
917 1806 1106 1844 maiorem
1124 1806 1243 1844 filiam
1262 1805 1391 1843 inuiso
1408 1806 1530 1844 modo
1546 1820 1555 1853 ;

267 1870 298 1909 si
319 1870 406 1921 quis
435 1884 497 1909 me
525 1879 697 1921 quaeret,
721 1871 801 1910 ind'
822 1880 1008 1911 uocatote
1025 1871 1146 1922 aliqui
1162 1887 1172 1919 3
1200 1879 1267 1910 aut
1298 1871 1375 1909 iam
1397 1879 1554 1921 egomet

1389 1936 1453 1974 hie
1474 1950 1551 1975 ero.

213 2003 318 2040 ΡΑΜ.
351 2002 448 2053 quid
468 2002 632 2052 agimus,
656 2015 775 2050 soror,
799 2002 829 2041 si
852 2004 1064 2043 offirmabit
1086 2012 1195 2056 pater
1215 2005 1431 2042 aduorsum
1453 2004 1556 2040 nos?

1340 2070 1440 2106 ΡΑΝ.
1474 2068 1554 2118 pati

212 2147 284 2173 nos
306 2141 463 2184 oportet
483 2135 594 2184 quod
616 2134 680 2172 ille
702 2134 829 2182 faciat,
853 2136 996 2185 quoius
1018 2144 1192 2186 potestas
1215 2137 1303 2186 plus
1324 2142 1464 2185 potest.

256 2249 299 2278 50
323 2239 402 2269 mihi
421 2238 475 2278 pol
494 2238 526 2268 Β
632 2239 719 2269 eiust
739 2238 826 2270 Basti
970 2251 1012 2280 52
1037 2251 1096 2271 cur
1113 2251 1180 2271 non
1199 2241 1354 2271 studeam
1373 2239 1437 2270 cod.
1453 2251 1459 2269 z
1483 2249 1551 2270 non

213 2282 271 2314 del.
294 2282 451 2314 Gm'etus:
477 2293 537 2312 cur
554 2293 641 2313 nunc
659 2288 699 2313 st.
717 2282 784 2313 Ital
941 2294 980 2323 57
1007 2284 1092 2315 facio
1109 2285 1176 2315 cod.
1200 2288 1293 2315 (corr.
1315 2284 1363 2314 Di
1510 2284 1552 2322 58

213 2327 342 2368 manet]
362 2331 496 2357 moneat
514 2326 545 2355 A
651 2327 693 2355 62
718 2328 842 2366 quique
860 2326 933 2357 PCD
1047 2332 1088 2367 64
1115 2329 1159 2359 mi
1177 2329 1247 2369 hic]
1267 2328 1345 2358 mihi
1364 2328 1396 2357 A
1508 2329 1551 2356 66

214 2371 329 2412 modo]
349 2371 483 2401 domum
501 2370 533 2400 P
673 2370 714 2409 67
740 2371 795 2400 vix
812 2372 908 2402 troch.
930 2374 1019 2412 (cum
1038 2373 1154 2413 siqui')
1303 2372 1346 2402 68
1372 2371 1549 2410 offirmauit

214 2415 245 2450 Α

1569 312 1609 345 55

1569 632 1613 665 60

1571 929 1601 965 ii

1579 1883 1616 1905 10
