1747 2740
628 146 1032 186 MOSTELLARIA
1468 147 1499 185 I.
1520 145 1567 184 iii

166 263 228 300 Sc.
261 273 341 299 una
360 260 479 310 opera
505 258 509 309 1
535 260 633 298 ebur
653 266 874 297 atramento
893 259 1150 297 candefacere
1171 259 1358 309 postules.

78 325 148 362 260
166 327 340 364 PfflLOL.
372 324 503 375 lepide
523 324 673 363 dictum
695 325 746 363 de
772 331 992 362 atramento
1019 331 1138 373 atque
1164 324 1292 362 ebore.
1353 325 1499 374 eugae!

1139 390 1287 439 plaudo
1308 390 1496 439 Scaphae.

166 457 347 494 PHILEM.
380 463 465 494 turn
504 463 546 494 tu
586 453 700 505 igitur
739 456 840 494 cedo
879 454 1161 505 purpurissum.
1223 456 1284 493 Sc.
1318 468 1398 492 non
1433 455 1498 493 do.
1525 467 1585 499 105

1082 520 1180 558 scita
1199 534 1241 558 es
1262 528 1302 558 tu
1325 519 1498 570 quidem.

163 599 270 625 noua
290 585 442 637 pictura
462 585 699 637 interpolare
720 585 779 624 uis
802 599 901 636 opus
924 585 1256 636 lepidissumum?

162 665 244 690 non
265 651 390 690 istanc
411 659 581 691 aetatem
604 659 758 703 oportet
781 651 1026 702 pigmentum
1049 652 1172 689 ullum
1194 650 1395 701 attingere,

162 730 293 767 neque
326 730 525 756 cerussam
561 731 691 768 neque
728 716 924 756 Melinum
955 729 1085 766 neque
1114 716 1231 754 aliam
1259 717 1378 755 ullam
1407 719 1502 756 offu-

1385 782 1498 821 ciam.

75 848 142 895 265
163 849 347 887 PHILEM.
379 861 477 899 cape
506 847 621 898 igitur
651 849 867 898 speculum.
929 849 1100 885 PfflLOL.
1134 846 1168 885 ei
1200 847 1296 885 mihi
1332 848 1501 887 misero!

1021 913 1174 951 sauium
1196 914 1358 963 speculo
1379 913 1500 952 dedit.

161 977 271 1018 nimi’
291 978 413 1017 uelim
434 978 607 1030 lapidem
629 979 697 1029 qui
718 992 792 1029 ego
812 978 866 1016 illi
888 980 1050 1029 speculo
1071 978 1335 1017 dimminuam
1357 987 1486 1030 caput.
1527 995 1589 1018 110

161 1046 225 1086 Sc.
258 1044 425 1085 linteum
446 1059 544 1096 cape
564 1053 684 1096 atque
705 1053 860 1096 exterge
882 1045 952 1084 tibi
978 1058 1129 1084 manus.
1190 1047 1373 1083 PHILEM.
1406 1045 1503 1096 quid

1219 1110 1282 1158 ita,
1307 1113 1504 1161 opsecro?

161 1178 223 1217 SC.
257 1185 299 1216 ut
321 1178 527 1229 speculum
549 1176 721 1225 tenuisti,
745 1184 880 1215 metuo
905 1176 954 1215 ne'
976 1178 1084 1215 olant
1107 1184 1314 1227 argentum
1335 1191 1476 1216 manus
1494 1192 1501 1216 ε

162 1257 211 1282 ne
233 1257 401 1293 usquam
421 1250 627 1294 argentum
649 1250 687 1281 te
707 1242 908 1293 accepisse
929 1242 1148 1293 suspicetur
1171 1242 1432 1283 Philolaches.

75 1319 144 1354 270
164 1310 336 1347 PHILOL.
369 1322 450 1347 non
472 1308 611 1348 uideor
627 1307 774 1347 uidisse
796 1310 926 1347 lenam
944 1308 1186 1347 callidiorem
1210 1310 1329 1347 ullam
1346 1311 1497 1348 alteras.

161 1382 203 1413 ut
223 1374 355 1424 lepide
375 1382 494 1425 atque
515 1381 642 1413 astute
663 1374 703 1412 in
725 1382 900 1413 mentem
923 1374 1032 1413 uenit
1053 1375 1103 1413 de
1125 1376 1288 1425 speculo
1309 1377 1435 1414 malae
1453 1379 1459 1414 !
1526 1385 1582 1419 115

161 1441 343 1478 Pam-221.
367 1439 539 1479 etiamne
554 1439 766 1490 unguentis
781 1440 1035 1490 unguendam
1051 1442 1212 1479 censes?
1251 1442 1314 1479 SC.
1338 1440 1502 1480 minime

1350 1506 1499 1546 feceris.

132 1583 135 1585 ’
163 1572 344 1609 PHILEM.
376 1572 645 1621 quapropter?
702 1572 765 1610 Sc.
798 1570 891 1621 quia
926 1571 1078 1610 ecastor
1114 1571 1252 1610 mulier
1285 1579 1390 1611 recte
1422 1574 1502 1611 olet

1201 1637 1269 1676 ubi
1290 1637 1387 1675 nihil
1408 1638 1498 1676 olet.

162 1717 253 1742 nam
275 1703 371 1742 istae
392 1712 556 1751 ueteres,
579 1718 681 1754 quae
702 1718 744 1742 se
766 1703 976 1754 unguentis
1000 1703 1208 1752 unctitant,
1228 1703 1453 1754 interpoles‚

75 1782 140 1818 275
162 1770 328 1816 uetulae,
352 1770 574 1816 edentulae,
598 1784 700 1820 quae
721 1770 816 1808 uitia
837 1769 1011 1820 corporis
1033 1771 1124 1808 fuco
1145 1771 1343 1816 occulunt,

161 1834 227 1873 ubi
250 1848 334 1873 sese
355 1836 476 1873 sudor
497 1849 588 1873 cum
610 1836 821 1886 unguentis
844 1835 1103 1883 consociauit,
1124 1834 1214 1873 ilico
1522 1848 1584 1871 120

160 1899 298 1939 itidem
320 1902 427 1939 olent
448 1900 560 1951 quasi
581 1915 703 1951 quom
725 1916 804 1940 una
826 1903 948 1940 multa
970 1900 1053 1939 iura
1074 1900 1254 1939 confudit
1275 1913 1437 1950 coquos.

160 1965 256 2016 quid
278 1967 386 2004 olant
408 1967 570 2014 nescias,
594 1967 668 2005 nisi
690 1967 730 2006 id
753 1981 875 2006 unum
899 1970 941 2006 ut
964 1969 1066 2006 male
1088 1968 1193 2005 olere
1214 1965 1429 2016 intellegas.

163 2032 334 2069 PHILOL.
366 2039 407 2069 ut
429 2033 616 2081 perdocte
637 2040 780 2071 cuncta
800 2034 938 2072 callet!
978 2033 1074 2070 nihil
1097 2033 1170 2070 hac
1192 2033 1310 2070 docta
1331 2029 1496 2069 doctius.

75 2098 145 2132 280
163 2109 299 2134 uerum
322 2096 414 2135 illuc
436 2104 493 2135 est
511 2113 516 2135 :
549 2110 731 2135 maxuma
752 2098 853 2136 adeo
875 2110 962 2148 pars
984 2105 1205 2135 nostrorum
1231 2095 1431 2145 intellegit,

205 2212 268 2241 259
291 2213 396 2242 opera
413 2200 515 2244 (era)
530 2201 677 2233 Schoell:
701 2203 757 2233 vix
772 2213 899 2242 operari
1002 2203 1063 2240 264
1089 2203 1245 2241 ofl'ugiam
1264 2200 1331 2232 cod.
1434 2201 1500 2230 266

161 2246 359 2276 dimminuat
374 2246 440 2277 cod.
462 2248 554 2285 (corr.
574 2246 634 2285 BQ)
796 2257 859 2286 270
882 2246 1021 2277 alteram
1046 2245 1092 2276 B'
1248 2255 1307 2283 271
1327 2254 1376 2284 sp.
1397 2254 1498 2274 mane

160 2289 236 2320 PCD
368 2301 428 2329 274
455 2290 504 2320 vel
525 2290 628 2320 istaec
762 2300 824 2328 275
848 2290 1005 2320 occulunt
1022 2289 1116 2320 schol.
1138 2288 1234 2329 Varg.
1251 2288 1363 2328 Georg.
1383 2299 1412 2326 4,
1432 2297 1498 2327 39:

160 2333 331 2364 occultant
347 2333 414 2364 cod.
543 2343 604 2372 277
630 2344 729 2364 unam
754 2334 820 2366 cod.
849 2334 920 2373 (vii.
948 2334 984 2372 45
1011 2334 1103 2365 (corr.
1130 2332 1189 2369 ΒΔ)
1318 2333 1381 2371 278
1405 2331 1498 2361 olant

161 2377 299 2413 (Aeanti
317 2375 526 2408 Lambr'ams:
552 2377 645 2408 oleas
661 2377 726 2408 cod.
820 2383 855 2408 ut
875 2377 1106 2408 Camcran‘us:
1133 2375 1243 2407 nicod.
1262 2388 1269 2407 ε
1294 2376 1394 2406 nimis
1411 2374 1497 2406 Son-

162 2420 329 2451 nenschein
442 2422 506 2451 280
524 2420 600 2451 illuc
614 2431 689 2452 esse
701 2421 790 2453 codd.
807 2421 902 2452 Gellii
915 2432 966 2458 2ο,
985 2423 1017 2459 6,
1034 2431 1071 2451 12
1089 2421 1124 2454 «ι’.
1137 2431 1161 2451 e.
1177 2421 1243 2451 ess*
1258 2420 1282 2458 ἓ)
1301 2431 1307 2450 :
1325 2419 1406 2450 illud
1425 2419 1499 2459 (pro

163 2464 241 2496 illuc
257 2476 264 2504 3
289 2464 309 2495 i.
332 2467 363 2504 7)
383 2470 435 2495 cst
451 2464 516 2495 cod.
602 2466 748 2496 maxima
765 2465 852 2496 codd.
876 2465 988 2496 Gellii:
1014 2465 1192 2496 maximam
1209 2464 1297 2505 (-um
1315 2462 1404 2503 PCD)
1421 2461 1487 2493 cod.
