1747 2740
769 96 996 138 RVDENS
1523 99 1539 139 1
1574 100 1620 138 iv

323 208 392 246 ΡΑ.
426 223 596 260 occupas
618 209 821 260 praeloqui
844 223 945 260 quae
968 223 1054 248 mea
1076 210 1248 249 oratiost.

322 288 428 312 nunc
448 274 555 313 abire
577 274 668 313 hinc
690 276 805 313 decet
826 289 910 313 nos,
970 277 1053 313 AM.
1086 289 1176 325 quo,
1200 276 1355 323 amabo,
1381 276 1556 315 ibimus?

125 344 195 380 250
322 341 391 377 ΡΑ.
423 338 513 377 litus
535 340 611 377 hoc
632 353 925 390 persequamur.
986 342 1068 378 AM.
1101 354 1245 390 sequor
1266 354 1346 391 quo
1367 341 1485 380 lubet.

320 403 442 442 sicine
462 404 525 443 hic
547 418 637 443 cum
660 404 781 443 uuida
802 413 911 444 ueste
931 405 1224 455 grassabimur?

319 470 388 507 ΡΑ.
421 470 498 508 hoc
519 470 628 520 quod
650 478 718 517 est,
743 470 783 509 id
805 470 1069 509 necessarium
1092 478 1150 509 est
1169 470 1331 521 perpeti.
1573 489 1611 520 35

372 535 443 573 sed
463 534 560 585 quid
587 536 674 582 hoc,
699 549 875 586 opsecro,
899 537 986 575 est?
1029 537 1111 574 ΑΜ.
1145 535 1272 586 quid?
1316 538 1383 575 ΡΑ.
1417 537 1552 586 uiden,

1393 603 1549 651 amabo,

426 667 561 704 fanum
580 664 778 719 [uidesne]
801 668 908 705 hoc?
951 668 1033 705 AM.
1067 666 1135 705 ubi
1157 668 1244 706 est?
1289 669 1357 705 ΡΑ.
1390 669 1441 707 ad
1463 670 1552 708 dex-

1414 740 1547 772 teram.

122 805 163 842 25
170 806 187 842 5
481 799 563 835 AM.
597 796 716 836 uideo
737 798 927 836 decorum
949 797 1010 836 dis
1031 799 1164 836 locum
1187 797 1366 837 uiderier.

210 863 278 900 PA.
312 863 388 900 hau
410 863 526 913 longe
553 862 692 901 abesse
713 870 869 913 oportet
890 862 1073 902 homines
1094 863 1197 911 hinc,
1221 862 1274 902 ita
1294 863 1358 902 hic
1380 863 1551 914 lepidust

1426 930 1547 968 locus.

261 993 439 1044 quisquis
461 1002 519 1033 est
541 995 641 1042 deu',
665 1008 832 1033 ueneror
853 1001 895 1032 ut
916 1008 988 1032 nos
1010 1009 1057 1033 ex
1077 995 1151 1033 hac
1172 1008 1361 1033 aerumna
1381 994 1536 1042 eximat,
1569 1013 1611 1044 40

261 1060 432 1107 misera-s,
457 1060 607 1110 inopes,
631 1073 886 1099 aerumnosas
909 1067 950 1098 ut
970 1059 1105 1110 aliquo
1126 1060 1270 1099 auxilio
1291 1060 1463 1100 adiuuet.

207 1170 699 1208 PTOLEMOCRATIA
789 1171 1123 1207 PALAESTRA
1213 1171 1599 1210 AMPELISCAV

315 1252 382 1289 PT.
416 1250 497 1300 Qui
519 1258 609 1290 sunt
631 1251 697 1302 qui
719 1265 741 1289 a
762 1259 927 1301 patrona
947 1265 1083 1302 preces
1105 1266 1193 1290 mea
1214 1255 1495 1303 expetessunt?

118 1321 188 1356 260
315 1330 406 1355 nam
428 1331 505 1355 uox
527 1330 590 1355 me
612 1311 844 1368 precantum
866 1317 944 1355 huc
966 1318 1067 1355 foras
1089 1316 1284 1356 excitauit.

314 1382 461 1421 bonam
483 1390 602 1433 atque
623 1390 912 1433 opsequentem
934 1383 1050 1421 deam
1071 1390 1190 1433 atque
1211 1383 1288 1421 hau
1309 1390 1510 1434 granatam

314 1455 519 1498 patronam
542 1456 809 1498 exsequontur
829 1447 1125 1498 benignamque
1146 1449 1326 1487 multum.

315 1515 383 1552 ΡΑ.
417 1513 600 1553 iubemus
623 1521 661 1553 te
683 1515 844 1560 saluere,
869 1521 1002 1552 mater.
1064 1515 1131 1551 PT.
1165 1515 1324 1561 saluete,
1570 1532 1588 1564 5

585 1581 749 1630 puellae.
813 1580 883 1617 sed
905 1580 999 1617 und’
1020 1592 1092 1618 uos

117 1650 182 1694 265
367 1644 421 1684 ire
442 1659 533 1684 cum
555 1645 677 1684 uuida
697 1652 808 1683 ueste
829 1644 972 1692 dicam,
996 1657 1171 1695 opsecro,

95 1713 184 1759 265a
639 1719 717 1750 tam
742 1710 941 1750 maestiter
962 1709 1153 1749 uestitas?

368 1778 437 1815 ΡΑ.
470 1776 561 1815 ilico
582 1776 674 1815 hinc
696 1776 808 1824 imus,
833 1777 911 1814 hau
933 1777 1092 1826 longule
1113 1789 1159 1814 ex
1180 1776 1256 1815 hoc
1277 1777 1390 1825 loco;

366 1856 503 1881 uerum
524 1844 641 1892 longe
662 1842 755 1881 hinc
775 1842 887 1881 abest
908 1842 1016 1880 unde
1036 1841 1228 1880 aduectae
1250 1842 1327 1880 huc
1349 1855 1495 1882 sumus.
1566 1854 1604 1878 10

367 1910 434 1947 PT.
467 1922 612 1959 nempe
633 1922 736 1959 equo
758 1908 889 1958 ligneo
909 1921 978 1958 per
998 1907 1082 1945 uias
1103 1908 1276 1946 caerulas

247 2013 309 2051 248
334 2017 420 2043 mest
441 2013 549 2043 oratio
571 2012 610 2052 P,
631 2012 663 2042 A
681 2011 745 2044 11.l.
767 2012 839 2052 (pro
857 2016 966 2042 meast
985 2011 1072 2044 onl:
1100 2022 1179 2042 corr.
1209 2010 1358 2051 Pylades.
1380 2011 1458 2042 Reiz
1484 2011 1539 2052 (cs,

201 2057 248 2088 ατί
268 2057 361 2087 ,Μῖνα
381 2057 459 2095 230)
567 2066 630 2095 249
659 2066 725 2096 quo
750 2055 914 2086 elisionem
940 2055 1060 2085 vocalis
1080 2056 1211 2095 patiens
1234 2055 1376 2096 displicet
1481 2066 1540 2095 251

202 2101 259 2132 hie
276 2111 352 2132 cum
375 2101 453 2131 uiuo
470 2105 587 2131 aueste
604 2100 644 2139 P,
665 2100 697 2130 A
717 2111 748 2129 n.
774 2100 795 2130 l.
821 2112 827 2130 :
851 2111 930 2130 corr.
951 2098 1138 2129 Saracenas
1156 2111 1162 2130 ε
1188 2100 1242 2130 hic
1267 2101 1298 2130 in
1319 2099 1429 2130 umida
1448 2106 1542 2130 ueste

202 2144 290 2176 codd.
311 2141 471 2175 Macrobii
485 2144 522 2175 de
538 2144 619 2175 verb.
639 2144 706 2185 diff
731 2144 767 2175 G.
786 2144 826 2174 L.
842 2154 871 2184 5,
891 2147 956 2183 652
974 2143 1009 2173 K
1119 2153 1181 2182 254
1208 2143 1350 2174 uidesne
1368 2143 1425 2174 dcl.
1444 2144 1546 2174 Bm'er

204 2189 252 2229 (A
270 2200 302 2220 n.
324 2190 362 2229 l.)
381 2189 431 2228 (cs.
452 2200 480 2219 v.
499 2198 580 2228 253:
606 2189 646 2219 iv.
672 2190 701 2222 Ι)
792 2198 853 2227 257
880 2187 988 2218 veluti
1009 2186 1121 2221 (iuml).
1143 2188 1305 2227 octonar.)
1372 2187 1486 2226 exigat
1508 2187 1541 2217 A

202 2243 266 2272 259
291 2237 412 2272 preces
427 2233 532 2272 Πήρη)
549 2236 602 2263 ex.
621 2243 686 2263 uon
704 2232 840 2263 omnino
852 2232 964 2272 plan-t,
979 2230 1212 2261 multominus
1229 2234 1349 2271 prece‘s
1362 2232 1468 2271 mc'(a)
1488 2235 1541 2263 ἐκ.

202 2278 349 2315 261-481
376 2276 460 2307 deest
477 2277 508 2306 sl
629 2278 707 2315 265²
733 2286 774 2307 m.
794 2281 891 2306 ueste
909 2275 1047 2306 uestitas
1064 2273 1155 2305 codd.
1175 2275 1280 2306 Nonii
1292 2285 1352 2313 511
1476 2278 1540 2306 266

202 2325 260 2351 aut
284 2321 421 2359 longula
443 2331 486 2350 ex
509 2319 573 2350 cod.
729 2320 792 2350 268
826 2329 913 2358 equo
935 2318 1034 2350 Ital.:
1062 2322 1095 2348 ct
1118 2328 1185 2357 quo
1211 2320 1260 2360 (et
1285 2319 1373 2358 quod
1399 2318 1445 2361 Β)
1470 2319 1534 2351 cod.

202 2365 376 2395 caeruleas
393 2363 475 2403 cod„
492 2368 602 2394 conlra
621 2367 764 2393 metrum
