1747 2740
689 127 928 169 STICHVS
1396 130 1463 170 IV*
1485 132 1500 170 i

136 239 273 282 itidem
293 241 409 281 amici
430 243 739 282 conlabascunt:
770 256 829 281 res
849 241 1000 281 amicos
1021 242 1182 281 inuenit.

138 308 208 345 ΕΡ.
240 306 317 345 iam
339 309 468 347 redeo.
528 307 686 346 nimiast
708 309 902 358 uoluptas,
926 307 994 346 ubi
1016 307 1082 346 diu
1104 308 1245 347 afueris
1267 309 1400 355 domo,

136 371 301 411 domum
323 371 390 411 ubi
411 371 582 419 redieris,
605 371 635 410 si
658 371 728 410 tibi
750 373 894 410 nullast
914 372 1119 423 aegritudo
1139 372 1273 411 animo
1295 373 1466 412 obuiam.
1492 387 1533 410 20

48 447 113 485 525
135 450 227 475 nam
248 436 301 475 ita
322 450 385 475 me
404 444 568 486 apsente
589 436 821 475 familiarem
843 450 924 475 rem
947 451 1043 476 uxor
1063 437 1213 476 curauit
1235 452 1374 485 meam,

134 502 313 542 omnium
336 516 398 542 me
419 502 558 541 exilem
579 510 698 552 atque
720 502 879 542 inanem
899 502 991 541 fecit
1011 503 1312 554 aegritudinum.

133 569 203 607 sed
225 582 362 607 eccum
384 569 540 607 fratrem
564 568 898 619 Pamphilippum,
922 568 1070 607 incedit
1091 582 1180 606 cum
1203 582 1340 607 socero
1361 583 1443 608 suo.

135 634 239 671 PAM.
271 632 369 683 quid
388 632 524 684 agitur,
550 633 806 684 Epignome?
865 635 934 672 ΕΡ.
958 632 1054 683 quid
1076 635 1146 671 tu?
1176 647 1294 684 quam
1317 635 1469 673 dudum

1090 698 1129 736 in
1151 706 1307 749 portum
1330 699 1472 738 uenis?

135 766 239 803 PAM.
272 765 350 803 huc
371 763 613 815 longissume
634 763 801 815 postilla.
864 766 933 803 ΕΡ.
966 763 1043 802 iarn
1066 763 1137 802 iste
1158 772 1216 802 est
1238 765 1470 815 tranquillus
1492 779 1530 812 ²5

1369 829 1470 868 tibi?

46 908 114 945 530
133 896 212 934 AN.
246 894 358 945 magi’
380 909 498 946 quam
528 909 634 934 mare
661 909 741 946 quo
768 895 889 934 ambo
910 894 1002 934 estis
1024 894 1138 934 uecti.
1200 897 1270 934 ΕΡ.
1302 895 1396 934 facis
1428 904 1470 934 ut

1157 960 1251 998 alias
1273 975 1331 999 res
1353 962 1466 1000 soles.

131 1026 279 1066 hodien
302 1040 559 1067 exoneramus
582 1040 736 1073 nauem,
761 1027 908 1065 frater?
966 1027 1071 1063 PAM.
1103 1027 1317 1064 clementer
1337 1028 1441 1065 uolo.

131 1106 203 1131 nos
226 1092 356 1143 potius
377 1106 586 1132 oneremus
608 1100 763 1130 nosmet
784 1090 999 1129 uicissatim
1022 1091 1302 1141 uoluptatibus.

130 1172 249 1209 quam
272 1172 363 1197 mox
383 1165 533 1197 coctast
554 1159 683 1196 cena?
712 1156 920 1208 inpransus
941 1170 1014 1207 ego
1035 1170 1133 1195 sum.
1187 1159 1255 1195 ΕΡ.
1279 1157 1342 1195 abi
1366 1157 1468 1197 intro

1148 1223 1199 1260 ad
1222 1236 1284 1261 me
1306 1230 1344 1261 et
1365 1224 1464 1261 laua.

131 1291 236 1328 ΡΑΜ.
269 1290 366 1329 deos
397 1290 608 1328 salutatum
638 1296 757 1338 atque
792 1301 955 1326 uxorem
991 1288 1112 1326 modo
1146 1287 1248 1326 intro
1280 1289 1468 1328 deuortor
1488 1305 1528 1336 30

661 1357 664 1363 '
1273 1354 1439 1392 domum
1457 1368 1468 1403 3

42 1432 106 1468 535
129 1421 227 1459 haec
248 1420 278 1459 si
299 1419 353 1459 ita
372 1427 415 1459 ut
435 1421 528 1459 uolo
549 1418 730 1466 conficio,
754 1418 946 1457 continuo
966 1419 1017 1457 ad
1039 1425 1076 1457 te
1099 1426 1264 1458 transeo.

130 1487 199 1523 ΕΡ.
231 1486 337 1535 apud
359 1499 431 1524 nos
452 1484 630 1524 eccillam
652 1483 810 1522 festinat
831 1498 922 1523 cum
944 1497 1076 1523 sorore
1097 1497 1193 1523 uxor
1214 1492 1290 1522 tua.

130 1552 234 1589 PAM.
267 1558 478 1602 optumest,
501 1550 578 1588 iam
600 1550 698 1589 istoc
721 1549 843 1588 morai
873 1549 1003 1588 minus
1024 1549 1105 1588 erit.
1166 1549 1243 1587 iam
1265 1563 1339 1601 ego
1358 1551 1466 1601 apud

1327 1623 1365 1654 te
1385 1630 1462 1655 61¹0.

129 1684 206 1721 AN.
240 1681 336 1733 priu’
368 1695 486 1732 quarn
517 1681 612 1729 abis,
646 1688 852 1732 praesente
882 1682 949 1721 ted
981 1679 1073 1719 huic
1107 1681 1320 1731 apologum
1349 1694 1465 1731 agere

1207 1760 1331 1785 unum
1355 1748 1460 1786 uolo.

128 1815 233 1852 PAM.
265 1826 459 1851 maxume.
518 1813 595 1850 AN.
629 1811 700 1850 fuit
730 1811 836 1860 olim,
869 1811 981 1862 quasi
1011 1825 1084 1862 ego
1114 1825 1212 1858 sum,
1245 1825 1388 1859 senex3
1427 1812 1461 1851 ei
1483 1829 1521 1862 35

1359 1877 1462 1917 filiae

41 1956 108 1993 540
126 1944 229 1983 duae
249 1950 370 1991 erant,
384 1943 496 1994 quasi
517 1956 624 1982 nunc
645 1956 756 1982 meae
776 1950 865 1981 sunt
885 1958 894 1991 3
928 1956 997 1982 eae
1015 1950 1124 1982 erant
1140 1943 1298 1982 duobus
1315 1951 1462 1993 nuptae

1265 2007 1460 2056 fratribus,

168 2107 231 2137 523
257 2097 359 2127 nimia
376 2101 427 2128 est
452 2096 622 2136 uoluptast
650 2096 679 2127 Ρ
699 2096 752 2137 (cf.
781 2095 829 2127 (τά
849 2096 945 2128 Merc.
971 2097 1052 2135 330)
1142 2095 1215 2137 ubi]
1238 2096 1267 2127 si
1284 2095 1316 2126 Ρ
1404 2095 1457 2138 [a]

125 2142 225 2173 domo
241 2141 274 2171 P
404 2150 466 2179 524
492 2140 563 2181 ubi]
581 2141 607 2171 si
624 2141 658 2171 P
766 2140 841 2181 tibi]
862 2140 906 2171 ibi
929 2139 1101 2170 Acidalius
1119 2139 1167 2178 (A
1185 2151 1218 2171 u.
1235 2139 1275 2179 l.)
1395 2149 1458 2179 525

124 2186 298 2217 absentem
318 2184 349 2215 P
446 2187 511 2224 526
534 2185 667 2215 exulem
686 2183 770 2214 Pius
828 2184 1073 2223 aegritudinem
1101 2184 1133 2214 A
1225 2193 1286 2222 527
1311 2194 1408 2223 quom
1429 2193 1454 2214 s.

126 2229 157 2260 P
170 2229 324 2270 (antiqua
331 2228 468 2267 forma)
604 2238 668 2268 529
692 2228 757 2258 hau
777 2227 912 2258 Gm'c'tns
1024 2227 1156 2267 postilla
1175 2227 1361 2268 Epignomo
1378 2227 1460 2258 dant

124 2273 219 2312 (cum
243 2272 311 2311 123)
330 2272 390 2303 alii
501 2281 565 2311 530
587 2272 637 2302 vel
652 2282 749 2310 mage
817 2282 884 2311 quo
904 2282 932 2302 a.
954 2271 1026 2301 Ital.
1045 2283 1051 2301 :
1075 2271 1165 2310 quod
1184 2282 1212 2301 a.
1233 2271 1289 2301 A:
1314 2271 1457 2310 quambo

124 2321 160 2347 ut
174 2317 239 2349 vid.
256 2316 288 2347 Ρ
375 2326 432 2356 531
462 2316 564 2345 hodie
581 2315 614 2344 A
704 2324 766 2354 532
793 2313 871 2355 nos]
891 2320 1023 2345 nosmet
1037 2314 1070 2345 Ρ
1166 2324 1230 2354 533
1254 2320 1409 2345 coactaes
1426 2313 1460 2344 Ρ

123 2370 186 2400 535
209 2371 276 2391 om.
301 2360 334 2390 Ρ
470 2361 534 2398 536
557 2359 659 2398 se'vel
681 2360 688 2390 i
710 2359 837 2389 ccillam
863 2358 918 2389 A:
951 2358 1048 2388 ecilla
1074 2361 1111 2388 ut
1133 2358 1198 2390 vid.
1223 2358 1256 2388 Ρ
1392 2368 1453 2398 537

123 2409 297 2444 optumum
319 2409 369 2434 est
388 2404 419 2434 Ρ
564 2404 626 2441 538
652 2408 832 2442 praesente
855 2402 911 2433 ted
935 2402 1010 2432 huic
1035 2401 1098 2442 (vel
1119 2407 1152 2433 te
1177 2402 1269 2441 hu'i'c)
1295 2401 1452 2435 Gm‘etns:

124 2453 295 2488 presentet
315 2448 389 2479 huic
407 2446 446 2487 P,
467 2446 498 2476 A
520 2457 550 2477 11.
572 2447 592 2477 l.
613 2446 673 2486 tiit.
694 2452 729 2484 3)

167 2501 288 2524 PLAVT.
310 2500 335 2521 ιι
1326 2490 1367 2520 27
