1747 2740
214 139 270 182 ῙΙ.
289 141 335 179 ἰν
697 139 743 179 T.
778 139 958 180 MACCI
990 138 1194 178 PLAVTI

231 527 274 560 60

239 1319 279 1353 70

238 1646 275 1681 75

236 1969 279 2000 80

346 253 595 293 ferentarium
617 266 703 292 esse
722 251 896 291 amicum
916 251 1124 290 inuentum
1145 251 1341 302 intellego.

346 322 418 359 LE.
440 319 533 358 abin
555 320 648 358 hinc
669 318 873 358 dierecte?
921 319 983 357 ST.
1009 317 1039 355 si
1061 318 1191 355 hercle
1208 316 1262 355 ire
1279 315 1485 367 occipiam,
1501 322 1625 355 notes.

346 388 417 424 LE.
451 385 523 423 nisi
546 384 642 435 quid
665 398 729 423 me
749 383 857 422 aliud
879 383 949 430 uis,
976 383 1118 429 Philto,
1142 381 1329 432 respondi
1351 381 1434 420 tibi.

347 453 421 489 PH.
455 450 737 501 benigniorem,
763 448 998 496 Lesbonice‚
1022 457 1060 487 te
1081 447 1177 486 mihi

346 530 465 568 quam
487 529 593 555 nunc
614 514 791 566 experior
811 528 897 553 esse
918 515 1079 553 confido
1099 515 1182 552 fore
1199 528 1210 561 ,ς
1647 514 1718 559 460

345 595 438 620 nam
459 588 497 620 et
518 582 635 620 stulte
656 582 783 620 facere
804 587 843 619 et
863 581 981 618 stulte
1002 578 1221 625 fabularier‚

344 654 566 697 utrumque,
590 645 825 693 Lesbonice‚
849 645 888 683 in
909 653 1038 684 aetate
1058 645 1136 683 hau
1158 645 1358 683 bonumst.

346 713 409 751 ST.
442 725 580 750 uerum
610 712 741 750 hercle
770 710 835 749 hic
865 710 970 750 dicit.
1033 712 1103 748 LE.
1137 711 1298 749 oculum
1330 722 1403 759 ego
1432 707 1629 748 ecfodiam

1546 773 1630 821 tibi,

346 841 377 881 si
398 843 565 882 uerbum
585 841 798 882 addideris.
857 843 921 880 ST.
953 842 1084 880 hercle
1105 840 1174 892 qui
1192 840 1324 881 dicam
1346 847 1479 879 tamen
1495 854 1505 888 3

347 922 438 946 nam
458 907 490 946 si
511 908 567 947 sic
587 921 669 947 non
689 906 834 955 licebit,
858 909 990 946 luscus
1009 907 1154 946 dixero.
1651 911 1716 956 465

348 975 422 1011 PH.
454 972 508 1011 ita
529 981 569 1012 tu
591 987 698 1012 nunc
718 973 829 1020 dicis,
851 987 933 1012 non
954 986 1040 1011 esse
1059 971 1364 1023 aequiperabilis

347 1047 499 1078 nostras
519 1052 610 1078 cum
633 1039 775 1078 nostris
797 1039 989 1078 factiones
1010 1047 1130 1089 atque
1151 1040 1280 1088 opes?

347 1106 418 1143 LE.
451 1104 553 1144 dico.
614 1106 689 1143 PH.
721 1104 818 1155 quid
848 1106 985 1143 nunc?
1016 1104 1048 1143 si
1076 1103 1115 1142 in
1147 1105 1288 1143 aedem
1318 1104 1370 1143 ad
1400 1115 1540 1143 cenam
1570 1116 1632 1141 ue-

1530 1167 1632 1207 neris

349 1244 469 1288 atque
489 1236 543 1276 ibi
564 1238 776 1287 opulentus
797 1236 867 1276 tibi
890 1250 958 1287 par
979 1237 1078 1275 forte
1099 1235 1307 1276 obuenerit

352 1302 551 1355 (adposita
572 1315 671 1341 cena
692 1301 740 1340 sit
763 1303 993 1352 popularem
1017 1315 1137 1352 quarn
1159 1302 1340 1352 uocant),
1652 1313 1723 1347 470

353 1368 384 1407 si
405 1368 459 1406 illi
480 1375 691 1418 congestae
712 1367 789 1406 sint
810 1369 950 1417 epulae
970 1381 992 1406 a
1013 1367 1238 1406 cluentibus
1255 1383 1262 1406 :

351 1433 382 1472 si
403 1432 499 1484 quid
520 1432 591 1472 tibi
612 1434 766 1483 placeat
786 1434 896 1483 quod
917 1432 971 1470 illi
992 1440 1224 1484 congestum
1246 1432 1329 1481 siet,

350 1498 487 1538 edisne
507 1512 557 1537 an
579 1498 786 1537 incenatus
806 1511 897 1537 cum
919 1500 1110 1549 opulento
1130 1499 1333 1538 accubes?

352 1566 421 1603 LE.
454 1563 573 1611 edim,
596 1563 671 1602 nisi
691 1563 723 1601 si
745 1563 810 1602 ille
830 1571 950 1602 uotet.
1012 1565 1074 1603 ST.
1107 1572 1147 1602 at
1167 1566 1234 1615 pol
1255 1578 1328 1616 ego
1349 1564 1421 1604 etsi
1442 1571 1552 1604 uotet

350 1630 457 1669 edim
477 1637 597 1680 atque
616 1629 812 1668 ambabus
834 1629 947 1667 malis
968 1629 1132 1680 expletis
1153 1643 1302 1678 uorem,
1653 1644 1697 1678 47
1703 1643 1720 1680 5

350 1703 389 1734 et
409 1696 518 1746 quod
539 1695 594 1733 illi
616 1696 767 1745 placeat
789 1694 1022 1746 praeripiam
1045 1695 1310 1746 potissumum

350 1775 480 1812 neque
502 1760 555 1799 illi
575 1761 796 1799 concedam
820 1760 1034 1811 quicquam
1056 1762 1107 1800 de
1127 1761 1208 1800 uita
1229 1775 1327 1800 mea.

351 1825 609 1865 uerecundari
630 1825 832 1864 neminem
853 1827 961 1877 apud
982 1840 1160 1866 mensam
1182 1828 1308 1875 decet,

351 1905 443 1930 nam
465 1891 518 1930 ibi
540 1892 590 1930 de
611 1891 757 1930 diuinis
777 1899 898 1941 atque
922 1892 1106 1931 humanis
1126 1892 1306 1931 cernitur.

353 1960 427 1996 ΡΗ.
460 1971 541 1996 rem
562 1957 747 1996 fabulare.
808 1959 873 1996 ST.
904 1971 985 1997 non
1006 1958 1077 1997 tibi
1097 1958 1228 1998 dicam
1248 1959 1367 1998 dolo:
1651 1962 1722 2006 480

352 2024 545 2063 decedam
568 2037 641 2074 ego
662 2023 715 2062 illi
737 2024 787 2063 de
808 2023 882 2070 uia,
906 2025 957 2062 de
978 2024 1128 2071 semita,

353 2091 404 2129 de
424 2090 574 2128 honore
596 2089 732 2140 populi
751 2104 761 2137 3
791 2103 928 2128 uerum
951 2091 1059 2140 quod
1080 2091 1131 2129 ad
1153 2097 1331 2130 uentrem
1352 2089 1502 2137 attinet,

343 2195 408 2234 456
432 2193 650 2225 ferentarium
675 2193 720 2230 A,
742 2197 879 2224 testatur
903 2193 999 2224 Ῑὶινιό
1021 2193 1060 2224 de
1080 2192 1119 2226 L.
1142 2193 1182 2226 L.
1210 2205 1237 2234 7.
1260 2204 1325 2234 57:
1351 2194 1584 2226 serentaneum
1606 2193 1640 2224 P

300 2239 444 2269 amicum
461 2248 538 2268 csse
554 2238 586 2268 A
722 2247 784 2277 457
810 2237 887 2267 abin
905 2238 991 2268 dier.
1008 2238 1058 2268 vel
1070 2238 1124 2269 abi
1141 2238 1219 2270 hinc
1233 2239 1263 2270 d.
1279 2238 1417 2270 Palmcr
1501 2239 1636 2269 derecte

431 2282 521 2313 uotis
538 2282 571 2312 P
585 2282 662 2321 (pro
679 2283 782 2313 -tes?›
925 2282 988 2320 463
1013 2281 1087 2312 dico
1101 2282 1132 2311 A
1279 2284 1341 2322 464
1366 2282 1422 2322 qui
1441 2282 1635 2314 Fleckeisen:

302 2326 381 2365 quid
399 2325 450 2357 P:
476 2325 556 2365 quin
582 2326 614 2355 A
772 2326 836 2363 466
861 2335 948 2355 nunc
981 2331 1015 2355 tu
1042 2326 1075 2355 A
1103 2325 1198 2363 Nordo
1222 2326 1417 2365 inust'lalus)
1573 2327 1636 2365 467

302 2380 389 2409 opus
418 2370 450 2399 A
599 2370 664 2409 469
698 2367 893 2408 obuenerit]
922 2374 956 2400 ut
983 2370 1115 2400 uenerit
1151 2368 1184 2399 P
1321 2379 1386 2408 470
1409 2370 1452 2400 sit
1485 2379 1569 2400 cena
1609 2370 1642 2400 P

303 2413 467 2498 glazitsspiq]
492 2412 537 2443 illi
563 2411 596 2443 P
724 2423 784 2452 474
807 2413 876 2444 edit
901 2412 934 2444 P
1019 2413 1111 2444 uolet
1135 2413 1168 2443 A
1260 2414 1390 2445 etiamsi
1415 2412 1449 2443 Ρ
1574 2423 1638 2454 475
