1747 2740
600 162 772 200 MILES
804 161 1119 200 GLORIOSVS
1474 164 1526 201 II.
1550 164 1596 201 iv

193 273 289 312 dum
309 279 348 311 te
369 273 527 312 fidelem
549 273 676 311 facere
696 285 763 311 ero
784 271 956 319 uoluisti,
978 274 1223 324 apsumptu’s
1244 286 1381 324 paene.

103 348 175 382 410
193 338 262 377 sed
284 339 384 376 fores
405 337 525 375 uicini
546 336 726 387 proxumi
747 345 994 387 crepuerunt.
1054 337 1322 376 conticiscam.

391 449 876 486 PH1LOCOMASIVM
989 449 1323 486 SCELEDRVS
1547 461 1576 485 v

676 515 1037 551 PALAESTRro

191 598 265 635 PH.
299 597 401 635 Inde
421 595 551 646 ignem
574 595 613 633 in
634 608 753 642 aram,
776 602 819 633 ut
843 595 1039 645 Ephesiae
1062 595 1216 634 Dianae
1238 597 1339 634 laeta
1360 597 1496 634 laudes

187 660 384 711 gratisque
404 674 517 711 agam
539 660 655 710 eique
676 667 718 698 ut
739 660 912 698 Arabico
934 660 1150 699 fumificem
1171 661 1293 699 odore
1313 673 1493 708 amoene,

187 739 309 776 quom
330 739 394 764 me
413 725 453 763 in
474 725 571 764 locis
593 724 806 775 Neptuniis
827 725 1065 776 templisque
1085 724 1321 765 turbulentis

187 789 368 838 seruauit,
391 790 518 829 saeuis
539 790 725 829 fluctibus
746 790 813 828 ubi
835 804 922 828 sum
943 790 1144 829 adflictata
1164 792 1344 829 multum.

97 866 164 902 415
186 857 248 895 Sc.
282 855 505 903 Palaestrio,
529 869 553 895 o
575 856 812 895 Palaestrio!
853 858 922 894 ΡΑ.
955 869 979 895 o
1000 857 1194 904 Sceledre,
1214 858 1407 905 Sceledre,
1424 858 1520 908 quid
1543 873 1560 904 5

1431 923 1491 961 uis
1505 925 1522 961 Ρ

183 988 245 1026 Sc.
272 988 370 1026 haec
391 988 541 1034 mulier,
559 1001 661 1037 quae
677 987 769 1026 hinc
790 989 867 1026 exit
889 989 1021 1034 modo,
1040 995 1151 1027 estne
1172 987 1274 1026 erilis
1295 988 1520 1027 concubina

183 1052 519 1091 Philocomasium
535 1066 586 1090 an
603 1067 684 1091 non
701 1061 758 1091 est
775 1055 850 1092 ea?
881 1055 950 1092 ΡΑ.
974 1054 1105 1092 hercle
1122 1053 1274 1104 opinor,
1291 1067 1337 1092 ea
1350 1053 1515 1093 uidetur.

182 1119 253 1157 sed
287 1118 439 1157 facinus
474 1118 617 1156 mirum
647 1126 705 1157 est
735 1132 816 1169 quo
846 1120 968 1157 modo
998 1120 1096 1158 haec
1126 1118 1219 1157 hinc
1249 1120 1327 1157 huc
1357 1119 1519 1158 transire

1377 1184 1516 1235 potuit,

182 1249 213 1288 si
234 1249 396 1299 quidem
427 1257 519 1288 east.
580 1251 642 1289 SC.
670 1263 726 1292 ‚an
755 1249 924 1289 dubium
955 1249 1026 1288 tibi
1061 1257 1119 1288 est
1153 1264 1241 1289 eam
1271 1263 1357 1289 esse
1387 1251 1520 1289 hanc?

1179 1317 1248 1353 ΡΑ.
1281 1329 1327 1354 ea
1346 1315 1513 1354 uidetur.

91 1394 162 1428 420
181 1382 244 1420 SC.
280 1382 481 1429 adeamus,
521 1381 777 1431 appellemus.
849 1382 958 1428 heus,
1000 1380 1096 1431 quid
1136 1380 1236 1420 istuc
1275 1388 1344 1428 est,
1387 1381 1502 1420 Philo
1539 1398 1577 1420 10

1266 1446 1486 1485 comasium
1500 1449 1516 1486 ?

178 1511 275 1561 quid
295 1510 367 1549 tibi
388 1511 474 1550 istic
494 1511 534 1549 in
555 1511 685 1550 istisce
705 1511 872 1550 aedibus
893 1512 1069 1559 debetur,
1093 1512 1190 1562 quid
1210 1512 1410 1562 negotist?

179 1575 275 1626 quid
306 1589 412 1615 nunc
441 1578 577 1615 taces?
616 1584 748 1615 tecum
776 1578 927 1627 loquor.
1002 1579 1071 1615 ΡΑ.
1104 1577 1228 1616 immo
1258 1578 1402 1628 edepol
1430 1585 1514 1616 tute

1357 1651 1488 1682 tecum
1503 1658 1515 1691 ,-

178 1721 270 1747 nam
295 1709 393 1747 haec
420 1708 517 1746 nihil
539 1710 762 1759 respondet.
823 1710 886 1748 Sc.
917 1716 955 1748 te
975 1710 1179 1760 adloquor,
1203 1709 1273 1748 uiti
1300 1709 1513 1760 probrique

1383 1777 1510 1825 plena,

179 1852 281 1890 quae
301 1839 448 1879 circum
470 1840 622 1878 uicinos
645 1854 774 1891 uagas.
838 1843 911 1879 PH.
945 1841 1106 1892 quicum
1128 1849 1168 1879 tu
1190 1841 1394 1880 fabulare?

91 1917 157 1955 425
179 1906 242 1944 SC.
275 1905 435 1956 quicum
457 1905 531 1943 nisi
552 1907 714 1944 tecum?
772 1907 845 1944 PH.
876 1906 963 1956 quis
985 1914 1026 1944 tu
1054 1907 1176 1945 homo
1202 1920 1242 1945 es
1262 1914 1329 1944 aut
1355 1919 1511 1945 mecum
1537 1923 1572 1953 15

1150 1971 1247 2022 quid
1269 1979 1326 2010 est
1348 1971 1512 2022 negoti?

286 2037 347 2075 Sc.
390 2050 453 2075 me
488 2038 629 2087 rogas?
663 2037 766 2084 hem,
805 2035 872 2086 qui
906 2035 1010 2075 sim?
1080 2038 1153 2074 PH.
1192 2036 1287 2086 quin
1327 2049 1400 2086 ego
1435 2037 1511 2074 hoc

1026 2115 1160 2151 rogem
1178 2103 1286 2152 quod
1308 2101 1512 2140 nesciam?

221 2217 283 2246 411
311 2206 399 2238 laeta
412 2205 558 2237 Parcus:
583 2206 649 2237 lata
666 2206 765 2244 (latas
783 2205 921 2244 pcnff)
940 2205 1005 2236 cod.
1141 2215 1203 2244 413
1227 2215 1327 2244 quom
1341 2204 1404 2236 Leo
1419 2216 1426 2235 t
1451 2205 1508 2245 qui

177 2251 247 2282 cod.
266 2252 342 2291 (pro
352 2260 442 2289 qum,
461 2260 523 2289 seq.
543 2260 584 2281 m.
599 2250 624 2289 2)
643 2262 649 2280 :
673 2260 760 2289 quae
778 2249 823 2279 Β2
913 2259 973 2288 417
998 2250 1054 2279 vix
1071 2250 1174 2288 opino
1265 2251 1329 2287 418
1354 2250 1436 2279 haec
1455 2250 1508 2280 hic

179 2304 266 2324 nunc
291 2299 333 2325 tr.
364 2295 512 2334 potuerit
537 2293 629 2325 cod.:
654 2304 732 2324 corr.
760 2293 887 2323 Ritschl
1026 2303 1090 2332 419
1114 2293 1174 2323 tibi
1202 2293 1308 2333 (PCD)
1329 2304 1373 2323 an
1395 2293 1426 2323 id
1447 2292 1506 2333 (Β)

177 2338 281 2368 incert.
301 2338 367 2368 cod.
387 2350 393 2368 z
419 2348 463 2367 an
481 2338 512 2368 id
530 2338 610 2368 tibi?
745 2347 805 2376 421
835 2337 866 2367 in
884 2337 997 2367 istisce
1014 2336 1151 2377 Scyff‘rt
1168 2348 1174 2367 :
1198 2337 1291 2367 insce
1311 2336 1393 2376 (13¹)
1408 2337 1457 2366 vel
1473 2336 1506 2367 in

177 2381 271 2412 hisce
284 2381 373 2422 (ΡΟ)
387 2381 448 2422 B‘2)
461 2380 526 2411 cod.
620 2392 684 2420 423
702 2380 785 2410 nihil
801 2379 882 2420 [est]
896 2381 1071 2419 respondit
1084 2379 1149 2410 cod.
1167 2381 1232 2419 (est
1246 2380 1303 2411 del.
1321 2380 1383 2419 ΒΨ)
1399 2381 1454 2420 (iv.
1470 2382 1505 2420 3)

177 2424 384 2464 adloquarB
473 2425 652 2464 probrique
669 2423 757 2455 codd.
778 2423 884 2454 Nom't'
896 2425 959 2462 467
975 2436 980 2453 ε
1007 2424 1194 2463 propinque
1213 2423 1276 2454 md.
1300 2428 1374 2464 (pro
1396 2424 1507 2463 probi—

178 2470 258 2508 que)
357 2479 419 2508 425
446 2469 592 2508 negotist
611 2467 738 2499 Ritsclzl
835 2469 899 2507 426
924 2468 1017 2508 hem]
1038 2468 1136 2498 homo
1153 2467 1330 2498 Acidalms
1419 2477 1505 2507 quae

178 2523 209 2545 n.
224 2512 297 2543 ΡΠ)
