1747 2740
108 368 171 405 105

109 763 176 788 110

109 1091 172 1128 115

110 1426 176 1451 120

112 1755 174 1791 125

744 112 971 150 RVDENS
1490 115 1518 151 I.
1542 115 1572 152 ii

300 223 368 262 PL.
400 230 509 273 pater
529 223 691 269 salueto,
715 222 915 273 amboque
935 223 1048 261 adeo.
1111 224 1187 261 DA.
1221 225 1341 263 saluo'
1363 224 1425 263 sis.
1554 241 1564 262 ι
1572 239 1590 272 5

300 291 362 327 SC.
394 289 465 327 sed
485 296 615 326 utrum
638 296 678 326 tu
701 302 836 327 masne
857 302 906 327 an
924 288 1071 327 femina
1091 303 1143 335 es,
1163 290 1229 338 qui
1252 290 1361 328 illum
1379 299 1529 341 patrem

302 356 450 393 uoces?
508 356 575 393 PL.
607 354 666 392 uir
690 368 777 392 sum
805 354 1002 405 equidem.
1064 356 1126 393 Sc.
1159 369 1303 405 quaere
1331 356 1389 394 uir
1415 371 1532 407 porro

1368 431 1530 472 patrem.

301 487 377 524 DA.
410 486 569 524 filiolam
592 499 666 535 ego
687 499 805 524 unam
833 486 837 536 J
865 485 998 533 habui,
1020 500 1108 525 eam
1130 500 1250 525 unam
1271 487 1425 537 perdidi
1443 503 1449 526 :

300 552 412 590 uirile
431 566 545 590 sexus
566 566 785 602 numquam
807 554 931 590 ullum
952 552 1084 591 habui.
1146 555 1213 590 PL.
1245 561 1284 590 at
1305 553 1345 591 di
1366 553 1528 592 dabunt.

301 620 363 656 SC.
395 617 466 656 tibi
487 618 650 668 quidem
671 619 815 666 hercle,
836 618 1014 668 quisquis
1035 632 1087 665 es,
1110 631 1298 668 magnum
1321 620 1480 666 malum,
1553 634 1594 656 20

303 683 372 733 qui
392 683 569 722 oratione
590 683 655 722 hic
676 692 892 734 occupatos
914 698 1097 734 occupes.

304 751 371 788 PL.
404 749 533 788 istiein
578 763 650 788 uos
672 750 888 788 habitatis?
946 752 1009 788 SC.
1042 750 1139 800 quid
1161 758 1202 788 tu
1224 750 1264 789 id
1286 751 1511 801 quaeritas?

302 828 410 865 quon
432 816 602 852 furatum
625 828 716 852 mox
737 815 885 862 uenias,
910 815 1081 865 uestigas
1102 817 1218 854 loca?

302 882 369 918 PL.
402 879 757 930 peculiosumesse
779 881 949 919 addecet
971 894 1128 919 seruom
1150 889 1188 919 et
1209 882 1389 931 probum,

300 959 420 996 quem
442 959 509 984 ero
529 953 735 996 praesente
756 950 1023 996 †praetereatr
1045 946 1171 985 oratio
1556 963 1595 995 ²5

302 1020 370 1050 aut
390 1011 458 1062 qui
478 1012 738 1050 inclementer
758 1011 863 1050 dicat
885 1012 1037 1051 homini
1053 1012 1187 1051 libero.

304 1080 366 1117 Sc.
399 1086 437 1116 et
458 1077 692 1128 inpudicum
714 1085 753 1116 et
774 1077 1036 1127 inpudentem
1059 1078 1263 1116 hominem
1285 1079 1455 1117 addecet

304 1145 515 1182 molestum
537 1144 639 1181 ultro
659 1143 849 1181 aduenire
869 1144 921 1181 ad
942 1142 1111 1181 alienam
1133 1145 1312 1190 domum,

304 1209 398 1261 quoi
419 1210 610 1248 debeatur
631 1208 739 1246 nihil.
802 1210 878 1246 DA.
912 1217 1012 1256 tace,
1033 1209 1259 1259 Sceparnio.

303 1276 400 1326 quid
421 1282 548 1325 opust,
571 1275 840 1321 adulescens?
899 1277 966 1313 PL.
1000 1274 1087 1313 istic
1108 1275 1379 1323 infortunium,
1558 1291 1599 1322 30

304 1341 371 1392 qui
392 1340 658 1392 praefestinet,
679 1340 748 1379 ubi
769 1353 856 1379 erus
877 1341 990 1387 adsit,
1015 1341 1229 1391 praeloqui.

305 1409 375 1446 sed
396 1406 471 1444 nisi
492 1407 742 1444 molestumst
762 1406 898 1456 paucis
920 1406 1185 1456 percontarier

303 1474 397 1512 uolo
417 1485 491 1523 ego
512 1485 559 1510 ex
580 1479 626 1510 te.
690 1473 766 1509 DA.
800 1471 960 1510 dabitur
981 1485 1101 1522 opera
1121 1480 1241 1523 atque
1262 1473 1302 1511 in
1324 1472 1494 1524 negotio.

305 1541 367 1579 Sc.
401 1538 497 1588 quin
518 1545 560 1576 tu
581 1538 621 1575 in
642 1539 830 1588 paludem
854 1537 884 1575 is
908 1537 1137 1588 exsicasque
1158 1539 1423 1578 harundinem

303 1605 371 1656 qui
391 1612 641 1655 pertegamus
662 1603 808 1649 uillam,
833 1604 930 1641 dum
954 1604 1166 1642 sudumst?
1225 1607 1301 1643 DA.
1335 1613 1431 1643 tace.
1559 1615 1598 1647 35

304 1680 346 1710 tu
367 1671 398 1709 si
419 1670 515 1721 quid
537 1683 637 1719 opus
658 1678 716 1708 est
737 1670 836 1708 dice.
899 1672 966 1707 PL.
992 1669 1056 1707 dic
1078 1671 1187 1720 quod
1208 1678 1246 1709 te
1267 1684 1372 1721 rogo,

304 1750 472 1788 ecquem
494 1745 535 1774 tu
557 1735 621 1774 hic
642 1735 846 1774 hominem
870 1735 1053 1786 crispum,
1079 1735 1265 1774 incanum
1287 1737 1444 1783 uideris,

306 1805 465 1850 malum,
489 1803 694 1854 peiiurum‚
718 1804 1100 1853 palpatorem-*Im
1134 1804 1348 1852 plurumos,

304 1883 395 1908 nam
418 1883 490 1920 ego
512 1877 670 1919 propter
691 1869 886 1907 eiusmodi
910 1869 1015 1907 uiros
1037 1869 1131 1906 uiuo
1154 1868 1280 1906 miser.

306 1938 371 1974 PL.
404 1935 469 1974 hic
490 1935 592 1983 dico,
616 1935 655 1973 in
677 1936 812 1973 fanum
834 1935 1001 1974 Veneris
1024 1935 1090 1984 qui
1113 1935 1362 1973 mulierculas
1555 1946 1597 1976 40

242 2053 302 2082 103
317 2043 398 2081 sort.
428 2042 506 2083 (Sc.
535 2041 652 2083 salue>
679 2042 743 2073 DA.
776 2042 891 2072 saluos
909 2041 959 2072 vel
976 2042 1055 2074 DA..
1085 2041 1140 2073 Sc.
1165 2042 1280 2072 saluos
1417 2051 1476 2079 104
1502 2045 1536 2070 tu

195 2097 312 2117 masne
332 2087 564 2117 Cama-cuius:
591 2093 710 2117 tuasne
736 2086 800 2116 cod.
824 2091 905 2126 (pro
933 2091 1064 2123 tuasne,
1089 2087 1110 2117 i.
1123 2097 1146 2116 e.
1169 2085 1339 2124 tum-asne)
1480 2085 1540 2114 106

197 2141 296 2161 unam
314 2130 459 2173 (quam)
475 2131 628 2171 Sejffi’rt:
645 2131 728 2170 sort.
743 2130 878 2160 unicam
965 2130 1129 2160 habebam
1150 2129 1215 2160 Leo
1350 2138 1408 2166 107
1435 2139 1538 2159 sexus

198 2178 205 2190 ‘
218 2179 330 2205 nculro
342 2185 459 2216 genere
473 2176 480 2191 ’
501 2179 640 2205 testatur
654 2174 849 2204 Pm‘scz'anus
869 2183 895 2209 1,
921 2175 980 2204 162
997 2185 1003 2212 ;
1034 2176 1040 2190 ί
1057 2173 1154 2204 uirile
1165 2174 1324 2213 scriplum
1338 2173 1469 2203 vz'df’tm·
1477 2178 1539 2212 pro

193 2220 343 2258 genetivo
370 2219 496 2249 uirilis*
529 2217 595 2248 Leo
740 2228 800 2257 109
824 2228 854 2249 o.
883 2217 980 2258 [nos]
1008 2216 1061 2247 hic
1089 2216 1155 2247 cod.
1191 2218 1250 2255 (iv.
1285 2219 1345 2256 2):
1386 2227 1447 2246 nos
1479 2216 1536 2247 dd.

201 2262 336 2293 Guietus
354 2276 360 2290 τ
384 2264 440 2293 vix
462 2267 536 2292 aule
558 2272 704 2301 occupes
728 2261 898 2292 collocand.
927 2261 1126 2301 (occupatos
1145 2261 1224 2300 nos)
1361 2271 1417 2290 111
1445 2270 1534 2299 quon

198 2305 287 2337 Leo:
320 2317 362 2337 an
385 2317 452 2347 quo
478 2306 542 2337 cod.
563 2318 569 2336 :
603 2307 659 2336 vix
675 2317 716 2336 an
736 2305 741 2343 Ι
764 2305 840 2344 Quo
868 2306 957 2342 {cum
984 2304 1142 2344 quaeris;
1174 2305 1210 2345 cs
1239 2304 1286 2335 ad
1308 2304 1427 2335 Pseud.
1455 2305 1534 2342 978)

199 2359 266 2380 nox
283 2350 398 2381 Dousa
479 2360 537 2380 112
558 2350 701 2380 addecet
715 2349 836 2380 Bothe:
865 2349 961 2379 decet
973 2348 1039 2378 cod.
1123 2359 1134 2378 1
1146 2358 1182 2387 13
1200 2348 1333 2390 (haud)
1345 2352 1536 2387 praetereat

201 2427 371 2462 Acidalz'us
386 2440 393 2458 ι
417 2428 620 2468 praedeceat
635 2426 701 2458 Leo
715 2438 722 2456 :
738 2427 817 2466 sort.
836 2426 1030 2466 praetrahat
1049 2401 1207 2465 ‘praeatatl
1295 2427 1355 2456 118
1372 2436 1457 2465 opus
1469 2424 1536 2462 cod.
