1747 2740
644 131 968 174 PSEVDOLVS
1404 136 1472 175 IV.
1497 137 1558 175 vii

140 257 304 294 sequere
331 252 383 284 tu.
444 258 550 284 nunc
571 259 621 284 ne
641 245 876 296 exspectetis
898 246 994 285 dum
1021 247 1094 285 hac
1125 247 1291 285 domum
1313 248 1472 286 redeam

1385 312 1473 360 uia3

31 382 116 419 1235
137 372 191 412 ita
211 388 270 413 res
290 383 459 425 gestast:
488 375 695 427 angiporta
715 377 813 415 haec
834 383 984 415 certum
1006 384 1064 415 est
1085 376 1356 416 consectarier.

138 440 220 477 HA.
252 438 283 478 si
312 441 516 491 graderere
547 448 701 480 tantum
736 449 929 492 quantum
964 443 1137 492 loquere,
1170 441 1246 480 iam
1282 455 1386 480 esses
1421 444 1471 481 ad

1277 508 1472 545 forum.—

136 570 208 607 BA.
234 578 423 610 certumst
444 570 539 609 mihi
560 572 667 610 hunc
687 573 946 611 emortualem
968 573 1095 611 facere
1117 586 1163 611 ex
1184 571 1304 610 natali
1325 572 1457 612 die.--

728 684 753 721 S
770 695 781 720 1
798 695 828 720 M
843 694 869 721 o
1493 681 1569 716 viii

134 764 244 802 Bene
265 777 338 815 ego
358 763 468 802 illum
491 763 609 814 tetigi,
634 765 737 803 bene
757 772 890 803 autem
912 778 1047 804 seruos
1069 764 1273 804 inimicum
1295 778 1421 803 suom.

134 842 240 867 1111110
261 828 314 867 1111
335 837 485 867 certum
507 837 566 868 est
585 829 663 868 alio
685 838 801 879 pacto
824 831 1024 869 Pseudolo
1045 830 1207 869 insidias
1228 831 1321 869 dare

26 906 115 940 1240
133 907 252 943 quam
274 893 313 932 in
333 893 418 932 aliis
439 894 658 934 comoediis
680 896 732 942 fit,
757 895 824 934 ubi
846 909 936 934 cum
958 895 1125 934 stimulis
1145 904 1213 934 aut
1234 895 1361 946 flagris

132 958 389 998 insidiantur:
419 967 458 997 at
479 973 552 1010 ego
573 959 650 998 iam
672 959 777 998 intus
798 973 978 1010 promam
1000 960 1138 1010 uiginti
1160 960 1287 999 minas

131 1038 229 1075 quas
250 1024 411 1074 promisi
432 1024 464 1063 si
485 1025 688 1064 ecfecisset
703 1040 712 1073 3
743 1025 905 1064 obuiam
927 1025 961 1064 ei
983 1027 1085 1064 ultro
1106 1027 1291 1064 deferam.
1491 1042 1508 1072 5

131 1089 248 1127 nimis
269 1089 347 1128 illic
368 1089 542 1128 mortalis
563 1091 717 1137 doctus,
741 1089 848 1128 nimi'
870 1098 1064 1137 uorsutus,
1089 1089 1196 1129 nimi’
1218 1092 1343 1129 malus
1359 1105 1369 1138 3

131 1154 331 1205 superauit
351 1156 490 1193 dolum
511 1155 730 1194 Troianum
751 1155 870 1205 atque
891 1155 1047 1193 Vlixem
1071 1156 1301 1194 Pseudolus.

23 1231 87 1267 124
92 1231 109 1269 5
131 1232 238 1258 1111110
254 1219 321 1258 ibo
337 1218 450 1268 intro,
468 1227 674 1270 argentum
690 1233 882 1271 promam,
901 1221 1102 1260 Pseudolo
1119 1219 1280 1259 insidias
1295 1220 1469 1260 dabo.—

965 1398 973 1414 Ι

629 1488 865 1536 ACTVS
914 1490 960 1536 V

627 1591 958 1628 PSEVDOLvs
1485 1587 1570 1625 V.i

289 1677 400 1727 Quid
420 1677 527 1715 hoc?
557 1675 680 1715 sicine
701 1677 777 1715 hoc
799 1677 854 1724 fit,
877 1677 1030 1726 pedes?
1059 1675 1176 1715 statin
1198 1689 1247 1715 an
1270 1678 1382 1715 non?

287 1757 337 1781 an
359 1742 399 1781 id
421 1741 537 1781 uoltis
558 1749 600 1780 ut
621 1755 684 1781 me
704 1742 798 1780 hinc
819 1741 1015 1781 iacentem
1036 1741 1178 1792 aliquis
1200 1743 1339 1781 tollat?

236 1821 327 1846 nam
349 1808 479 1846 hercle
501 1806 531 1845 si
553 1807 745 1855 cecidero,
769 1815 947 1846 uostrum
970 1807 1041 1846 erit
1062 1806 1262 1858 flagitium.

233 1872 399 1925 pergitin
420 1875 609 1924 pergere?
637 1875 688 1912 311
707 1877 714 1912 l
744 1873 1004 1913 saeuiendum
1027 1872 1080 1912 mi
1101 1872 1222 1912 hodie
1243 1880 1300 1912 est
1316 1887 1326 1921 5

18 1954 56 1980 12
64 1953 106 1989 50
395 1952 581 1989 magnum
603 1940 679 1979 hoc
699 1939 840 1978 uitium
862 1940 957 1979 uino
978 1947 1061 1979 est:
1479 1954 1498 1986 5

285 2006 407 2056 pedes
428 2012 558 2056 captat
580 2005 761 2056 primum,
786 2007 953 2045 luctator
974 2006 1164 2044 dolosust.

283 2071 459 2122 profecto
480 2072 622 2121 edepol
644 2084 717 2121 ego
738 2085 844 2110 nunc
865 2071 988 2121 probe
1010 2071 1139 2109 habeo
1161 2070 1381 2108 madulsam
1399 2085 1406 2108 :

170 2185 251 2215 1234
284 2176 335 2217 tu]
364 2180 399 2207 te
424 2176 454 2206 P
522 2176 556 2207 in
583 2176 752 2207 df‘om‘um
781 2176 847 2207 exi!
868 2175 900 2206 A
926 2177 952 2211 (2
977 2176 996 2207 i.
1012 2186 1035 2207 ι’.
1065 2175 1119 2206 uia
1144 2176 1278 2205 redeam
1305 2175 1455 2213 domum)

127 2221 210 2259 1236
234 2226 364 2251 tantum
382 2225 542 2260 quantum
561 2220 593 2249 A
614 2224 651 2250 ut
665 2220 728 2251 vid.
748 2232 754 2251 :
779 2225 906 2251 tantum
926 2219 959 2250 P
1084 2229 1166 2258 1240
1190 2217 1306 2259 quam]
1326 2229 1401 2249 nam
1420 2219 1453 2248 A

126 2273 202 2302 1241
231 2264 336 2305 intus]
357 2264 482 2294 inultus
502 2263 605 2303 [PBCW
626 2264 676 2295 vel
692 2265 816 2294 inuitus
835 2264 901 2302 (Τῖ
922 2263 954 2293 Ρ
1077 2272 1158 2301 1242
1183 2262 1287 2293 seram
1305 2262 1352 2300 A,
1370 2262 1457 2292 unde

123 2308 261 2338 offeram
288 2307 424 2348 Seyffi’rt
564 2318 644 2346 1243
669 2308 802 2337 doctust
826 2306 1015 2339 Ritscl1l(A
1037 2317 1068 2337 n.
1088 2306 1125 2343 l.)
1230 2307 1329 2336 nimis
1354 2306 1454 2337 nimis

122 2357 279 2382 uersutus
294 2371 331 2373 —
343 2352 376 2380 A
473 2361 554 2390 1245
575 2351 628 2381 ibo
641 2350 715 2382 Ital.
736 2363 742 2381 ε
769 2352 812 2381 ibi
827 2350 866 2384 P.
881 2351 912 2380 A
929 2362 960 2380 ιι.
979 2351 998 2381 l.
1096 2351 1178 2388 1246
1194 2350 1243 2379 vel
1259 2350 1316 2380 fit?
1335 2350 1450 2389 pedes,

118 2395 221 2425 statin
325 2405 404 2434 1247
431 2395 593 2425 iacentem
611 2394 684 2426 Ital.
703 2406 710 2424 τ
735 2400 903 2425 tacentem
923 2394 962 2427 P.
982 2394 1013 2423 A
1029 2394 1095 2424 ιι,Ι.
1193 2403 1275 2431 1249
1299 2394 1449 2423 seruien-

120 2439 197 2469 dum
216 2438 392 2469 Hermann
426 2439 457 2468 A
479 2450 509 2469 n.
524 2439 562 2478 l.)
652 2439 709 2469 vix
726 2438 826 2468 hodie
921 2447 1001 2476 1252
1026 2438 1111 2468 abeo
1130 2437 1178 2477 (A
1199 2448 1229 2467 ιι.
1246 2437 1286 2477 l.)
1300 2437 1450 2467 madulsa

119 2482 253 2523 Lipsius
