<?xml version="1.0" encoding="UTF-8"?>
<!DOCTYPE html PUBLIC "-//W3C//DTD XHTML 1.0 Transitional//EN"
    "http://www.w3.org/TR/xhtml1/DTD/xhtml1-transitional.dtd">
<html xmlns="http://www.w3.org/1999/xhtml" xml:lang="en" lang="en">
 <head>
  <title>
</title>
<meta http-equiv="Content-Type" content="text/html;charset=utf-8" />
  <meta name='ocr-system' content='tesseract 3.04.00' />
  <meta name='ocr-capabilities' content='ocr_page ocr_carea ocr_par ocr_line ocrx_word'/>
</head>
<body>
  <div class='ocr_page' id='page_1' title='image "./comoediaerecogno02plau_0521.png"; bbox 0 0 1747 2740; ppageno 0'>
   <div class='ocr_carea' id='block_1_1' title="bbox 86 426 149 464">
    <p class='ocr_par' dir='ltr' id='par_1_1' title="bbox 86 426 149 464">
     <span class='ocr_line' id='line_1_1' title="bbox 86 426 149 464; baseline -0.016 -9"><span class='ocrx_word' id='word_1_1' title='bbox 86 426 149 464; x_wconf 83' lang='lat'><strong>125</strong></span> 
     </span>
    </p>
   </div>
   <div class='ocr_carea' id='block_1_2' title="bbox 85 882 151 917">
    <p class='ocr_par' dir='ltr' id='par_1_2' title="bbox 85 882 151 917">
     <span class='ocr_line' id='line_1_2' title="bbox 85 882 151 917; baseline -0.03 -9"><span class='ocrx_word' id='word_1_2' title='bbox 85 882 151 917; x_wconf 92' lang='lat'><strong>130</strong></span> 
     </span>
    </p>
   </div>
   <div class='ocr_carea' id='block_1_3' title="bbox 94 1341 155 1379">
    <p class='ocr_par' dir='ltr' id='par_1_3' title="bbox 94 1341 155 1379">
     <span class='ocr_line' id='line_1_3' title="bbox 94 1341 155 1379; baseline 0 0"><span class='ocrx_word' id='word_1_3' title='bbox 94 1341 155 1379; x_wconf 85' lang='lat'><strong>135</strong></span> 
     </span>
    </p>
   </div>
   <div class='ocr_carea' id='block_1_4' title="bbox 626 96 1552 144">
    <p class='ocr_par' dir='ltr' id='par_1_4' title="bbox 626 96 1552 144">
     <span class='ocr_line' id='line_1_4' title="bbox 626 96 1552 144; baseline -0.008 -2"><span class='ocrx_word' id='word_1_4' title='bbox 626 102 1039 144; x_wconf 88' lang='lat' dir='ltr'><strong>TRVCVLENTVS</strong></span> <span class='ocrx_word' id='word_1_5' title='bbox 1474 99 1490 136; x_wconf 93' lang='lat' dir='ltr'>I</span> <span class='ocrx_word' id='word_1_6' title='bbox 1523 96 1552 136; x_wconf 87' lang='lat' dir='ltr'><strong>ii</strong></span> 
     </span>
    </p>
   </div>
   <div class='ocr_carea' id='block_1_5' title="bbox 277 211 1570 393">
    <p class='ocr_par' dir='ltr' id='par_1_5' title="bbox 277 211 1570 393">
     <span class='ocr_line' id='line_1_5' title="bbox 277 211 1570 263; baseline -0.009 -6"><span class='ocrx_word' id='word_1_7' title='bbox 277 217 570 258; x_wconf 84' lang='lat' dir='ltr'><strong>Diniarchusne</strong></span> <span class='ocrx_word' id='word_1_8' title='bbox 591 214 669 253; x_wconf 87' lang='lat' dir='ltr'><strong>illic</strong></span> <span class='ocrx_word' id='word_1_9' title='bbox 690 215 778 253; x_wconf 83' lang='lat' dir='ltr'><strong>est?</strong></span> <span class='ocrx_word' id='word_1_10' title='bbox 807 221 926 263; x_wconf 81' lang='lat' dir='ltr'><strong>atque</strong></span> <span class='ocrx_word' id='word_1_11' title='bbox 948 211 979 250; x_wconf 87' lang='lat' dir='ltr'><strong>is</strong></span> <span class='ocrx_word' id='word_1_12' title='bbox 1000 218 1068 250; x_wconf 80' lang='lat' dir='ltr'><strong>est.</strong></span> <span class='ocrx_word' id='word_1_13' title='bbox 1531 223 1570 252; x_wconf 84' lang='lat'><strong>25</strong></span> 
     </span>
     <span class='ocr_line' id='line_1_6' title="bbox 440 280 1005 320; baseline -0.009 0"><span class='ocrx_word' id='word_1_14' title='bbox 440 284 505 320; x_wconf 95' lang='lat' dir='ltr'><strong>D1.</strong></span> <span class='ocrx_word' id='word_1_15' title='bbox 540 282 648 320; x_wconf 82' lang='lat' dir='ltr'><strong>salua</strong></span> <span class='ocrx_word' id='word_1_16' title='bbox 669 280 731 319; x_wconf 88' lang='lat' dir='ltr'><strong>sis.</strong></span> <span class='ocrx_word' id='word_1_17' title='bbox 792 281 861 317; x_wconf 84' lang='lat' dir='ltr'><strong>AS.</strong></span> <span class='ocrx_word' id='word_1_18' title='bbox 893 285 931 317; x_wconf 86' lang='lat' dir='ltr'><strong>et</strong></span> <span class='ocrx_word' id='word_1_19' title='bbox 952 285 1005 315; x_wconf 89' lang='lat' dir='ltr'><strong>tu.</strong></span> 
     </span>
     <span class='ocr_line' id='line_1_7' title="bbox 333 342 1246 393; baseline -0.009 -6"><span class='ocrx_word' id='word_1_20' title='bbox 333 351 399 388; x_wconf 87' lang='lat' dir='ltr'><strong>Dr.</strong></span> <span class='ocrx_word' id='word_1_21' title='bbox 432 349 488 386; x_wconf 87' lang='lat' dir='ltr'><strong>fer</strong></span> <span class='ocrx_word' id='word_1_22' title='bbox 508 354 645 386; x_wconf 84' lang='lat' dir='ltr'><strong>contra</strong></span> <span class='ocrx_word' id='word_1_23' title='bbox 667 358 829 384; x_wconf 85' lang='lat' dir='ltr'><strong>manum</strong></span> <span class='ocrx_word' id='word_1_24' title='bbox 851 351 889 383; x_wconf 86' lang='lat' dir='ltr'><strong>et</strong></span> <span class='ocrx_word' id='word_1_25' title='bbox 910 342 1053 393; x_wconf 80' lang='lat' dir='ltr'><strong>pariter</strong></span> <span class='ocrx_word' id='word_1_26' title='bbox 1073 342 1246 391; x_wconf 81' lang='lat' dir='ltr'><strong>gradere.</strong></span> 
     </span>
    </p>
   </div>
   <div class='ocr_carea' id='block_1_6' title="bbox 227 405 1573 714">
    <p class='ocr_par' dir='ltr' id='par_1_6' title="bbox 227 405 1573 714">
     <span class='ocr_line' id='line_1_8' title="bbox 333 405 1304 460; baseline -0.009 -8"><span class='ocrx_word' id='word_1_27' title='bbox 333 416 400 452; x_wconf 85' lang='lat' dir='ltr'><strong>AS.</strong></span> <span class='ocrx_word' id='word_1_28' title='bbox 433 412 510 451; x_wconf 84' lang='lat' dir='ltr'><strong>tuis</strong></span> <span class='ocrx_word' id='word_1_29' title='bbox 531 411 661 450; x_wconf 87' lang='lat' dir='ltr'><strong>seruio</strong></span> <span class='ocrx_word' id='word_1_30' title='bbox 682 418 801 460; x_wconf 82' lang='lat' dir='ltr'><strong>atque</strong></span> <span class='ocrx_word' id='word_1_31' title='bbox 821 408 988 448; x_wconf 85' lang='lat' dir='ltr'><strong>audiens</strong></span> <span class='ocrx_word' id='word_1_32' title='bbox 1010 421 1097 446; x_wconf 90' lang='lat' dir='ltr'><strong>sum</strong></span> <span class='ocrx_word' id='word_1_33' title='bbox 1120 405 1304 456; x_wconf 86' lang='lat' dir='ltr'><strong>imperiis.</strong></span> 
     </span>
     <span class='ocr_line' id='line_1_9' title="bbox 334 472 1345 528; baseline -0.008 -11"><span class='ocrx_word' id='word_1_34' title='bbox 334 481 400 517; x_wconf 92' lang='lat' dir='ltr'><strong>D1.</strong></span> <span class='ocrx_word' id='word_1_35' title='bbox 433 477 530 528; x_wconf 87' lang='lat' dir='ltr'><strong>quid</strong></span> <span class='ocrx_word' id='word_1_36' title='bbox 550 476 663 527; x_wconf 84' lang='lat' dir='ltr'><strong>agis?</strong></span> <span class='ocrx_word' id='word_1_37' title='bbox 720 477 788 514; x_wconf 82' lang='lat' dir='ltr'><strong>As.</strong></span> <span class='ocrx_word' id='word_1_38' title='bbox 822 476 937 513; x_wconf 84' lang='lat' dir='ltr'><strong>ualeo</strong></span> <span class='ocrx_word' id='word_1_39' title='bbox 958 481 996 512; x_wconf 89' lang='lat' dir='ltr'><strong>et</strong></span> <span class='ocrx_word' id='word_1_40' title='bbox 1017 472 1195 511; x_wconf 80' lang='lat' dir='ltr'><strong>ualidum</strong></span> <span class='ocrx_word' id='word_1_41' title='bbox 1217 480 1345 510; x_wconf 85' lang='lat' dir='ltr'><strong>teneo.</strong></span> 
     </span>
     <span class='ocr_line' id='line_1_10' title="bbox 332 539 1573 594; baseline -0.007 -13"><span class='ocrx_word' id='word_1_42' title='bbox 332 556 492 594; x_wconf 82' lang='lat' dir='ltr'><strong>peregre</strong></span> <span class='ocrx_word' id='word_1_43' title='bbox 513 541 704 592; x_wconf 78' lang='lat' dir='ltr'><strong>quoniam</strong></span> <span class='ocrx_word' id='word_1_44' title='bbox 726 539 903 585; x_wconf 86' lang='lat' dir='ltr'><strong>aduenis,</strong></span> <span class='ocrx_word' id='word_1_45' title='bbox 927 546 1099 577; x_wconf 87' lang='lat' dir='ltr'><strong>cenetur.</strong></span> <span class='ocrx_word' id='word_1_46' title='bbox 1533 554 1573 584; x_wconf 86' lang='lat'><strong>30</strong></span> 
     </span>
     <span class='ocr_line' id='line_1_11' title="bbox 227 601 1510 656; baseline -0.007 -8"><span class='ocrx_word' id='word_1_47' title='bbox 227 611 293 648; x_wconf 91' lang='lat' dir='ltr'><strong>D1.</strong></span> <span class='ocrx_word' id='word_1_48' title='bbox 348 608 451 647; x_wconf 89' lang='lat' dir='ltr'><strong>bene</strong></span> <span class='ocrx_word' id='word_1_49' title='bbox 495 607 595 646; x_wconf 83' lang='lat' dir='ltr'><strong>dicis</strong></span> <span class='ocrx_word' id='word_1_50' title='bbox 649 605 899 656; x_wconf 82' lang='lat' dir='ltr'><strong>benigneque</strong></span> <span class='ocrx_word' id='word_1_51' title='bbox 944 617 1079 652; x_wconf 83' lang='lat' dir='ltr'><strong>uocas,</strong></span> <span class='ocrx_word' id='word_1_52' title='bbox 1117 601 1370 652; x_wconf 60' lang='lat' dir='ltr'><strong>Astaphium.</strong></span> <span class='ocrx_word' id='word_1_53' title='bbox 1441 603 1510 640; x_wconf 81' lang='lat' dir='ltr'><strong>As.</strong></span> 
     </span>
     <span class='ocr_line' id='line_1_12' title="bbox 1355 667 1510 714; baseline 0 -9"><span class='ocrx_word' id='word_1_54' title='bbox 1355 667 1510 714; x_wconf 79' lang='lat' dir='ltr'><strong>amabo,</strong></span> 
     </span>
    </p>
   </div>
   <div class='ocr_carea' id='block_1_7' title="bbox 198 732 1515 848">
    <p class='ocr_par' dir='ltr' id='par_1_7' title="bbox 198 732 1515 848">
     <span class='ocr_line' id='line_1_13' title="bbox 198 732 1512 788; baseline -0.006 -10"><span class='ocrx_word' id='word_1_55' title='bbox 198 739 282 779; x_wconf 88' lang='lat' dir='ltr'><strong>sine</strong></span> <span class='ocrx_word' id='word_1_56' title='bbox 303 753 366 778; x_wconf 91' lang='lat' dir='ltr'><strong>me</strong></span> <span class='ocrx_word' id='word_1_57' title='bbox 388 738 441 777; x_wconf 87' lang='lat' dir='ltr'><strong>ire</strong></span> <span class='ocrx_word' id='word_1_58' title='bbox 469 752 534 777; x_wconf 85' lang='lat' dir='ltr'><strong>era</strong></span> <span class='ocrx_word' id='word_1_59' title='bbox 562 751 642 788; x_wconf 83' lang='lat' dir='ltr'><strong>quo</strong></span> <span class='ocrx_word' id='word_1_60' title='bbox 670 736 792 775; x_wconf 83' lang='lat' dir='ltr'><strong>iussit.</strong></span> <span class='ocrx_word' id='word_1_61' title='bbox 854 737 920 773; x_wconf 75' lang='lat' dir='ltr'><strong>Dr.</strong></span> <span class='ocrx_word' id='word_1_62' title='bbox 953 748 1030 773; x_wconf 85' lang='lat' dir='ltr'><strong>eas.</strong></span> <span class='ocrx_word' id='word_1_63' title='bbox 1090 734 1161 772; x_wconf 84' lang='lat' dir='ltr'><strong>sed</strong></span> <span class='ocrx_word' id='word_1_64' title='bbox 1182 732 1280 783; x_wconf 87' lang='lat' dir='ltr'><strong>quid</strong></span> <span class='ocrx_word' id='word_1_65' title='bbox 1300 732 1386 771; x_wconf 86' lang='lat' dir='ltr'><strong>ais?</strong></span> <span class='ocrx_word' id='word_1_66' title='bbox 1443 734 1512 771; x_wconf 79' lang='lat' dir='ltr'><strong>As.</strong></span> 
     </span>
     <span class='ocr_line' id='line_1_14' title="bbox 1308 798 1515 848; baseline 0 -12"><span class='ocrx_word' id='word_1_67' title='bbox 1308 798 1405 848; x_wconf 84' lang='lat' dir='ltr'><strong>quid</strong></span> <span class='ocrx_word' id='word_1_68' title='bbox 1427 798 1515 836; x_wconf 85' lang='lat' dir='ltr'><strong>uis?</strong></span> 
     </span>
    </p>
   </div>
   <div class='ocr_carea' id='block_1_8' title="bbox 173 863 1516 1099">
    <p class='ocr_par' dir='ltr' id='par_1_8' title="bbox 174 863 1515 968">
     <span class='ocr_line' id='line_1_15' title="bbox 174 863 1512 920; baseline -0.006 -11"><span class='ocrx_word' id='word_1_69' title='bbox 174 872 240 908; x_wconf 85' lang='lat' dir='ltr'><strong>DI.</strong></span> <span class='ocrx_word' id='word_1_70' title='bbox 277 869 341 909; x_wconf 90' lang='lat' dir='ltr'><strong>dic</strong></span> <span class='ocrx_word' id='word_1_71' title='bbox 369 869 448 920; x_wconf 81' lang='lat' dir='ltr'><strong>quc&#39;)</strong></span> <span class='ocrx_word' id='word_1_72' title='bbox 477 869 548 908; x_wconf 85' lang='lat' dir='ltr'><strong>iter</strong></span> <span class='ocrx_word' id='word_1_73' title='bbox 580 868 757 919; x_wconf 85' lang='lat' dir='ltr'><strong>inceptas</strong></span> <span class='ocrx_word' id='word_1_74' title='bbox 774 882 783 915; x_wconf 77' lang='lat'><em>3</em></span> <span class='ocrx_word' id='word_1_75' title='bbox 816 865 904 917; x_wconf 82' lang='lat' dir='ltr'><strong>quis</strong></span> <span class='ocrx_word' id='word_1_76' title='bbox 931 867 1019 905; x_wconf 85' lang='lat' dir='ltr'><strong>est?</strong></span> <span class='ocrx_word' id='word_1_77' title='bbox 1049 879 1168 916; x_wconf 85' lang='lat' dir='ltr'><strong>quem</strong></span> <span class='ocrx_word' id='word_1_78' title='bbox 1195 863 1390 903; x_wconf 83' lang='lat' dir='ltr'><strong>arcessis?</strong></span> <span class='ocrx_word' id='word_1_79' title='bbox 1445 865 1512 902; x_wconf 83' lang='lat' dir='ltr'><strong>As.</strong></span> 
     </span>
     <span class='ocr_line' id='line_1_16' title="bbox 1270 929 1515 968; baseline -0.004 0"><span class='ocrx_word' id='word_1_80' title='bbox 1270 929 1515 968; x_wconf 88' lang='lat' dir='ltr'><strong>Archilinem</strong></span> 
     </span>
    </p>

    <p class='ocr_par' dir='ltr' id='par_1_9' title="bbox 173 994 1516 1099">
     <span class='ocr_line' id='line_1_17' title="bbox 173 994 1516 1052; baseline -0.006 -12"><span class='ocrx_word' id='word_1_81' title='bbox 173 1000 438 1052; x_wconf 84' lang='lat' dir='ltr'><strong>opstetricem.</strong></span> <span class='ocrx_word' id='word_1_82' title='bbox 499 1002 564 1039; x_wconf 82' lang='lat' dir='ltr'><strong>Dr.</strong></span> <span class='ocrx_word' id='word_1_83' title='bbox 598 1001 701 1038; x_wconf 77' lang='lat' dir='ltr'><strong>mala</strong></span> <span class='ocrx_word' id='word_1_84' title='bbox 728 1007 769 1037; x_wconf 89' lang='lat' dir='ltr'><strong>tu</strong></span> <span class='ocrx_word' id='word_1_85' title='bbox 791 997 939 1037; x_wconf 84' lang='lat' dir='ltr'><strong>femina</strong></span> <span class='ocrx_word' id='word_1_86' title='bbox 966 1011 1018 1044; x_wconf 84' lang='lat' dir='ltr'><strong>es,</strong></span> <span class='ocrx_word' id='word_1_87' title='bbox 1037 998 1119 1035; x_wconf 88' lang='lat' dir='ltr'><strong>oles</strong></span> <span class='ocrx_word' id='word_1_88' title='bbox 1144 996 1251 1034; x_wconf 78' lang='lat' dir='ltr'><strong>unde</strong></span> <span class='ocrx_word' id='word_1_89' title='bbox 1278 1008 1319 1034; x_wconf 86' lang='lat' dir='ltr'><strong>es</strong></span> <span class='ocrx_word' id='word_1_90' title='bbox 1347 994 1516 1045; x_wconf 89' lang='lat' dir='ltr'><strong>discipli-</strong></span> 
     </span>
     <span class='ocr_line' id='line_1_18' title="bbox 1408 1074 1511 1099; baseline -0.01 0"><span class='ocrx_word' id='word_1_91' title='bbox 1408 1074 1511 1099; x_wconf 86' lang='lat' dir='ltr'><strong>nam.</strong></span> 
     </span>
    </p>
   </div>
   <div class='ocr_carea' id='block_1_9' title="bbox 173 1126 1579 1642">
    <p class='ocr_par' dir='ltr' id='par_1_10' title="bbox 173 1126 1579 1642">
     <span class='ocr_line' id='line_1_19' title="bbox 173 1126 1575 1178; baseline -0.005 -7"><span class='ocrx_word' id='word_1_92' title='bbox 173 1134 398 1172; x_wconf 86' lang='lat' dir='ltr'><strong>manufesto</strong></span> <span class='ocrx_word' id='word_1_93' title='bbox 421 1130 617 1178; x_wconf 82' lang='lat' dir='ltr'><strong>mendaci,</strong></span> <span class='ocrx_word' id='word_1_94' title='bbox 637 1131 751 1177; x_wconf 80' lang='lat' dir='ltr'><strong>mala,</strong></span> <span class='ocrx_word' id='word_1_95' title='bbox 775 1138 894 1168; x_wconf 89' lang='lat' dir='ltr'><strong>teneo</strong></span> <span class='ocrx_word' id='word_1_96' title='bbox 915 1136 964 1167; x_wconf 88' lang='lat' dir='ltr'><strong>te.</strong></span> <span class='ocrx_word' id='word_1_97' title='bbox 1015 1130 1084 1166; x_wconf 87' lang='lat' dir='ltr'><strong>As.</strong></span> <span class='ocrx_word' id='word_1_98' title='bbox 1118 1126 1215 1178; x_wconf 88' lang='lat' dir='ltr'><strong>quid</strong></span> <span class='ocrx_word' id='word_1_99' title='bbox 1236 1126 1325 1174; x_wconf 90' lang='lat' dir='ltr'><strong>iam,</strong></span> <span class='ocrx_word' id='word_1_100' title='bbox 1341 1126 1516 1165; x_wconf 86' lang='lat' dir='ltr'><strong>amabo?</strong></span> <span class='ocrx_word' id='word_1_101' title='bbox 1538 1140 1575 1173; x_wconf 77' lang='lat'><strong>35</strong></span> 
     </span>
     <span class='ocr_line' id='line_1_20' title="bbox 175 1194 1489 1249; baseline -0.005 -12"><span class='ocrx_word' id='word_1_102' title='bbox 175 1201 241 1237; x_wconf 91' lang='lat' dir='ltr'><strong>D1.</strong></span> <span class='ocrx_word' id='word_1_103' title='bbox 275 1198 367 1249; x_wconf 85' lang='lat' dir='ltr'><strong>quia</strong></span> <span class='ocrx_word' id='word_1_104' title='bbox 387 1206 426 1237; x_wconf 88' lang='lat' dir='ltr'><strong>te</strong></span> <span class='ocrx_word' id='word_1_105' title='bbox 445 1198 709 1237; x_wconf 82' lang='lat' dir='ltr'>adducturam</span> <span class='ocrx_word' id='word_1_106' title='bbox 730 1197 808 1234; x_wconf 89' lang='lat' dir='ltr'><strong>huc</strong></span> <span class='ocrx_word' id='word_1_107' title='bbox 829 1194 982 1234; x_wconf 80' lang='lat' dir='ltr'><strong>dixeras</strong></span> <span class='ocrx_word' id='word_1_108' title='bbox 1003 1207 1181 1244; x_wconf 80' lang='lat' dir='ltr'><strong>eumpse,</strong></span> <span class='ocrx_word' id='word_1_109' title='bbox 1201 1207 1283 1231; x_wconf 89' lang='lat' dir='ltr'><strong>non</strong></span> <span class='ocrx_word' id='word_1_110' title='bbox 1304 1205 1464 1243; x_wconf 85' lang='lat' dir='ltr'><strong>eampse</strong></span> <span class='ocrx_word' id='word_1_111' title='bbox 1479 1206 1489 1240; x_wconf 72' lang='lat'>5</span> 
     </span>
     <span class='ocr_line' id='line_1_21' title="bbox 175 1257 1473 1309; baseline -0.005 -6"><span class='ocrx_word' id='word_1_112' title='bbox 175 1278 282 1303; x_wconf 87' lang='lat' dir='ltr'><strong>nunc</strong></span> <span class='ocrx_word' id='word_1_113' title='bbox 304 1263 444 1303; x_wconf 85' lang='lat' dir='ltr'><strong>mulier</strong></span> <span class='ocrx_word' id='word_1_114' title='bbox 464 1265 567 1302; x_wconf 83' lang='lat' dir='ltr'><strong>facta</strong></span> <span class='ocrx_word' id='word_1_115' title='bbox 588 1270 647 1301; x_wconf 86' lang='lat' dir='ltr'><strong>est</strong></span> <span class='ocrx_word' id='word_1_116' title='bbox 667 1262 745 1300; x_wconf 86' lang='lat' dir='ltr'><strong>iam</strong></span> <span class='ocrx_word' id='word_1_117' title='bbox 767 1275 813 1300; x_wconf 85' lang='lat' dir='ltr'><strong>ex</strong></span> <span class='ocrx_word' id='word_1_118' title='bbox 834 1260 919 1299; x_wconf 92' lang='lat' dir='ltr'><strong>uiro</strong></span> <span class='ocrx_word' id='word_1_119' title='bbox 937 1275 943 1298; x_wconf 75' lang='grc' dir='ltr'>ε</span> <span class='ocrx_word' id='word_1_120' title='bbox 974 1261 1077 1298; x_wconf 88' lang='lat' dir='ltr'><strong>mala</strong></span> <span class='ocrx_word' id='word_1_121' title='bbox 1098 1272 1139 1297; x_wconf 87' lang='lat' dir='ltr'><strong>es</strong></span> <span class='ocrx_word' id='word_1_122' title='bbox 1159 1257 1473 1309; x_wconf 85' lang='lat' dir='ltr'><strong>praestrigiatrix.</strong></span> 
     </span>
     <span class='ocr_line' id='line_1_22' title="bbox 177 1324 1517 1380; baseline -0.005 -11"><span class='ocrx_word' id='word_1_123' title='bbox 177 1331 248 1369; x_wconf 86' lang='lat' dir='ltr'><strong>sed</strong></span> <span class='ocrx_word' id='word_1_124' title='bbox 277 1331 440 1368; x_wconf 85' lang='lat' dir='ltr'><strong>tandem</strong></span> <span class='ocrx_word' id='word_1_125' title='bbox 470 1331 668 1380; x_wconf 82' lang='lat' dir='ltr'><strong>eloquere,</strong></span> <span class='ocrx_word' id='word_1_126' title='bbox 698 1327 786 1378; x_wconf 88' lang='lat' dir='ltr'><strong>quis</strong></span> <span class='ocrx_word' id='word_1_127' title='bbox 816 1326 847 1365; x_wconf 90' lang='lat' dir='ltr'><strong>is</strong></span> <span class='ocrx_word' id='word_1_128' title='bbox 882 1327 1054 1373; x_wconf 89' lang='lat' dir='ltr'><strong>homost,</strong></span> <span class='ocrx_word' id='word_1_129' title='bbox 1077 1324 1347 1375; x_wconf 83' lang='lat' dir='ltr'><strong>Astaphium?</strong></span> <span class='ocrx_word' id='word_1_130' title='bbox 1389 1337 1517 1363; x_wconf 85' lang='lat' dir='ltr'><strong>nouos</strong></span> 
     </span>
     <span class='ocr_line' id='line_1_23' title="bbox 1337 1391 1519 1428; baseline 0 0"><span class='ocrx_word' id='word_1_131' title='bbox 1337 1397 1490 1428; x_wconf 85' lang='lat' dir='ltr'><strong>amator</strong></span> <span class='ocrx_word' id='word_1_132' title='bbox 1503 1391 1519 1428; x_wconf 70' lang='grc' dir='ltr'><em>Ρ</em></span> 
     </span>
     <span class='ocr_line' id='line_1_24' title="bbox 176 1454 1517 1506; baseline -0.004 -8"><span class='ocrx_word' id='word_1_133' title='bbox 176 1461 245 1500; x_wconf 87' lang='grc' dir='ltr'><strong>Α5.</strong></span> <span class='ocrx_word' id='word_1_134' title='bbox 287 1459 404 1499; x_wconf 86' lang='lat' dir='ltr'><strong>nimis</strong></span> <span class='ocrx_word' id='word_1_135' title='bbox 439 1459 612 1500; x_wconf 83' lang='lat' dir='ltr'><strong>otiosum</strong></span> <span class='ocrx_word' id='word_1_136' title='bbox 652 1467 690 1498; x_wconf 86' lang='lat' dir='ltr'><strong>te</strong></span> <span class='ocrx_word' id='word_1_137' title='bbox 729 1457 895 1497; x_wconf 75' lang='lat' dir='ltr'><strong>arbitror</strong></span> <span class='ocrx_word' id='word_1_138' title='bbox 933 1456 1138 1496; x_wconf 86' lang='lat' dir='ltr'><strong>hominem</strong></span> <span class='ocrx_word' id='word_1_139' title='bbox 1178 1469 1274 1495; x_wconf 88' lang='lat' dir='ltr'><strong>esse.</strong></span> <span class='ocrx_word' id='word_1_140' title='bbox 1337 1457 1404 1494; x_wconf 82' lang='lat' dir='ltr'><strong>Dr.</strong></span> <span class='ocrx_word' id='word_1_141' title='bbox 1450 1454 1517 1506; x_wconf 87' lang='lat' dir='ltr'><strong>qui</strong></span> 
     </span>
     <span class='ocr_line' id='line_1_25' title="bbox 1302 1520 1518 1560; baseline 0.005 -1"><span class='ocrx_word' id='word_1_142' title='bbox 1302 1520 1488 1560; x_wconf 78' lang='lat' dir='ltr'><strong>arbitrare</strong></span> <span class='ocrx_word' id='word_1_143' title='bbox 1502 1523 1518 1560; x_wconf 91' lang='lat'>?</span> 
     </span>
     <span class='ocr_line' id='line_1_26' title="bbox 176 1587 1579 1642; baseline -0.004 -12"><span class='ocrx_word' id='word_1_144' title='bbox 176 1593 244 1630; x_wconf 84' lang='lat' dir='ltr'><strong>AS.</strong></span> <span class='ocrx_word' id='word_1_145' title='bbox 277 1590 371 1642; x_wconf 85' lang='lat' dir='ltr'><strong>quia</strong></span> <span class='ocrx_word' id='word_1_146' title='bbox 391 1593 460 1630; x_wconf 75' lang='lat' dir='ltr'><strong>tuo</strong></span> <span class='ocrx_word' id='word_1_147' title='bbox 480 1589 720 1629; x_wconf 83' lang='lat' dir='ltr'><strong>uestimento</strong></span> <span class='ocrx_word' id='word_1_148' title='bbox 742 1597 779 1628; x_wconf 86' lang='lat' dir='ltr'><strong>et</strong></span> <span class='ocrx_word' id='word_1_149' title='bbox 801 1588 892 1628; x_wconf 80' lang='lat' dir='ltr'><strong>cibc&#39;&gt;</strong></span> <span class='ocrx_word' id='word_1_150' title='bbox 912 1587 1050 1627; x_wconf 85' lang='lat' dir='ltr'><strong>alienis</strong></span> <span class='ocrx_word' id='word_1_151' title='bbox 1071 1587 1188 1626; x_wconf 87' lang='lat' dir='ltr'><strong>rebus</strong></span> <span class='ocrx_word' id='word_1_152' title='bbox 1208 1601 1330 1626; x_wconf 83' lang='lat' dir='ltr'><strong>curas.</strong></span> <span class='ocrx_word' id='word_1_153' title='bbox 1535 1603 1579 1635; x_wconf 85' lang='lat'><strong>40</strong></span> 
     </span>
    </p>
   </div>
   <div class='ocr_carea' id='block_1_10' title="bbox 173 1691 1524 2132">
    <p class='ocr_par' dir='ltr' id='par_1_11' title="bbox 173 1691 1524 2132">
     <span class='ocr_line' id='line_1_27' title="bbox 226 1691 1520 1735; baseline -0.003 -8"><span class='ocrx_word' id='word_1_154' title='bbox 226 1707 286 1727; x_wconf 86' lang='lat'><strong>122</strong></span> <span class='ocrx_word' id='word_1_155' title='bbox 310 1696 359 1727; x_wconf 81' lang='lat' dir='ltr'><strong>vel</strong></span> <span class='ocrx_word' id='word_1_156' title='bbox 373 1695 484 1727; x_wconf 80' lang='lat' dir='ltr'><strong>illic&#39;st</strong></span> <span class='ocrx_word' id='word_1_157' title='bbox 600 1705 670 1735; x_wconf 86' lang='lat'>122,</span> <span class='ocrx_word' id='word_1_158' title='bbox 695 1705 755 1734; x_wconf 83' lang='lat'><strong>123</strong></span> <span class='ocrx_word' id='word_1_159' title='bbox 769 1695 851 1735; x_wconf 80' lang='lat' dir='ltr'><strong>fort.</strong></span> <span class='ocrx_word' id='word_1_160' title='bbox 872 1704 987 1725; x_wconf 78' lang='lat' dir='ltr'><strong>versus</strong></span> <span class='ocrx_word' id='word_1_161' title='bbox 1002 1691 1203 1734; x_wconf 69' lang='lat' dir='ltr'><strong>Eupolidem</strong></span> <span class='ocrx_word' id='word_1_162' title='bbox 1270 1692 1384 1723; x_wconf 76' lang='lat' dir='ltr'><strong>isestis</strong></span> <span class='ocrx_word' id='word_1_163' title='bbox 1399 1692 1441 1722; x_wconf 91' lang='lat' dir='ltr'><strong>ad</strong></span> <span class='ocrx_word' id='word_1_164' title='bbox 1459 1702 1520 1723; x_wconf 85' lang='lat' dir='ltr'><strong>uas</strong></span> 
     </span>
     <span class='ocr_line' id='line_1_28' title="bbox 179 1736 1520 1781; baseline -0.006 -9"><span class='ocrx_word' id='word_1_165' title='bbox 179 1741 249 1772; x_wconf 84' lang='lat' dir='ltr'><strong>lissi</strong></span> <span class='ocrx_word' id='word_1_166' title='bbox 269 1740 339 1771; x_wconf 88' lang='lat' dir='ltr'><strong>ituli</strong></span> <span class='ocrx_word' id='word_1_167' title='bbox 352 1740 522 1781; x_wconf 74' lang='lat' dir='ltr'><strong>P&lt;adpro</strong></span> <span class='ocrx_word' id='word_1_168' title='bbox 536 1739 565 1770; x_wconf 85' lang='lat' dir='ltr'><strong>al</strong></span> <span class='ocrx_word' id='word_1_169' title='bbox 580 1751 587 1777; x_wconf 89' lang='lat'>;</span> <span class='ocrx_word' id='word_1_170' title='bbox 612 1740 653 1773; x_wconf 85' lang='lat' dir='ltr'><strong>vi,</strong></span> <span class='ocrx_word' id='word_1_171' title='bbox 673 1750 706 1779; x_wconf 85' lang='lat' dir='ltr'><strong>p.</strong></span> <span class='ocrx_word' id='word_1_172' title='bbox 724 1740 781 1779; x_wconf 84' lang='lat'><strong>84)</strong></span> <span class='ocrx_word' id='word_1_173' title='bbox 860 1738 909 1769; x_wconf 83' lang='lat' dir='ltr'><strong>vel</strong></span> <span class='ocrx_word' id='word_1_174' title='bbox 921 1739 990 1769; x_wconf 83' lang='lat' dir='ltr'><strong>sies</strong></span> <span class='ocrx_word' id='word_1_175' title='bbox 1010 1737 1115 1773; x_wconf 86' lang='lat' dir='ltr'><strong>(colon</strong></span> <span class='ocrx_word' id='word_1_176' title='bbox 1132 1736 1353 1768; x_wconf 46' lang='lat' dir='ltr'><strong>Reizicmum‘.</strong></span> <span class='ocrx_word' id='word_1_177' title='bbox 1459 1746 1520 1774; x_wconf 85' lang='lat'><strong>124</strong></span> 
     </span>
     <span class='ocr_line' id='line_1_29' title="bbox 179 1779 1524 1824; baseline -0.004 -9"><span class='ocrx_word' id='word_1_178' title='bbox 179 1785 245 1815; x_wconf 84' lang='lat' dir='ltr'><strong>sert</strong></span> <span class='ocrx_word' id='word_1_179' title='bbox 260 1784 294 1814; x_wconf 90' lang='lat' dir='ltr'><em>P</em></span> <span class='ocrx_word' id='word_1_180' title='bbox 449 1794 509 1822; x_wconf 86' lang='lat'><strong>125</strong></span> <span class='ocrx_word' id='word_1_181' title='bbox 534 1783 616 1824; x_wconf 83' lang='lat' dir='ltr'><strong>tuis]</strong></span> <span class='ocrx_word' id='word_1_182' title='bbox 636 1783 695 1814; x_wconf 87' lang='lat' dir='ltr'><strong>tibi</strong></span> <span class='ocrx_word' id='word_1_183' title='bbox 713 1783 746 1813; x_wconf 92' lang='grc' dir='ltr'><strong>Ρ</strong></span> <span class='ocrx_word' id='word_1_184' title='bbox 863 1783 983 1813; x_wconf 87' lang='lat' dir='ltr'><strong>audies</strong></span> <span class='ocrx_word' id='word_1_185' title='bbox 998 1781 1032 1811; x_wconf 97' lang='grc' dir='ltr'><strong>Ρ</strong></span> <span class='ocrx_word' id='word_1_186' title='bbox 1165 1782 1226 1811; x_wconf 90' lang='lat'><strong>126</strong></span> <span class='ocrx_word' id='word_1_187' title='bbox 1251 1779 1357 1821; x_wconf 85' lang='lat' dir='ltr'><strong>[tute]</strong></span> <span class='ocrx_word' id='word_1_188' title='bbox 1384 1780 1465 1819; x_wconf 91' lang='lat' dir='ltr'><strong>quid</strong></span> <span class='ocrx_word' id='word_1_189' title='bbox 1489 1779 1524 1810; x_wconf 93' lang='grc' dir='ltr'><em>Ρ</em></span> 
     </span>
     <span class='ocr_line' id='line_1_30' title="bbox 180 1825 1520 1869; baseline -0.004 -10"><span class='ocrx_word' id='word_1_190' title='bbox 180 1829 267 1859; x_wconf 91' lang='lat' dir='ltr'><strong>uade</strong></span> <span class='ocrx_word' id='word_1_191' title='bbox 285 1828 346 1869; x_wconf 85' lang='grc' dir='ltr'><strong>(Β)</strong></span> <span class='ocrx_word' id='word_1_192' title='bbox 364 1827 413 1859; x_wconf 81' lang='lat' dir='ltr'><strong>vel</strong></span> <span class='ocrx_word' id='word_1_193' title='bbox 434 1828 510 1859; x_wconf 86' lang='lat' dir='ltr'><strong>uale</strong></span> <span class='ocrx_word' id='word_1_194' title='bbox 530 1827 635 1868; x_wconf 74' lang='lat' dir='ltr'>(PCD)</span> <span class='ocrx_word' id='word_1_195' title='bbox 653 1827 687 1858; x_wconf 87' lang='grc' dir='ltr'><em>Ρ</em></span> <span class='ocrx_word' id='word_1_196' title='bbox 701 1827 828 1867; x_wconf 77' lang='lat' dir='ltr'><strong>(adpro</strong></span> <span class='ocrx_word' id='word_1_197' title='bbox 844 1826 875 1857; x_wconf 89' lang='lat' dir='ltr'><strong>al</strong></span> <span class='ocrx_word' id='word_1_198' title='bbox 891 1837 897 1863; x_wconf 84' lang='lat'><strong>;</strong></span> <span class='ocrx_word' id='word_1_199' title='bbox 922 1827 959 1865; x_wconf 85' lang='lat' dir='ltr'><strong>cf.</strong></span> <span class='ocrx_word' id='word_1_200' title='bbox 977 1825 1064 1856; x_wconf 83' lang='lat' dir='ltr'><strong>adv.</strong></span> <span class='ocrx_word' id='word_1_201' title='bbox 1081 1826 1156 1864; x_wconf 45' lang='lat'><strong>1235</strong></span> <span class='ocrx_word' id='word_1_202' title='bbox 1294 1834 1354 1863; x_wconf 88' lang='lat'><strong>127</strong></span> <span class='ocrx_word' id='word_1_203' title='bbox 1379 1829 1520 1854; x_wconf 86' lang='lat' dir='ltr'><strong>cenetur</strong></span> 
     </span>
     <span class='ocr_line' id='line_1_31' title="bbox 178 1867 1519 1912; baseline -0.004 -9"><span class='ocrx_word' id='word_1_204' title='bbox 178 1873 310 1912; x_wconf 75' lang='lat' dir='ltr'><strong>sm&#39;pst&#39;:</strong></span> <span class='ocrx_word' id='word_1_205' title='bbox 335 1882 421 1903; x_wconf 89' lang='lat' dir='ltr'><strong>cena</strong></span> <span class='ocrx_word' id='word_1_206' title='bbox 447 1873 544 1902; x_wconf 88' lang='lat' dir='ltr'><strong>detur</strong></span> <span class='ocrx_word' id='word_1_207' title='bbox 567 1871 600 1901; x_wconf 83' lang='lat' dir='ltr'><em>A</em></span> <span class='ocrx_word' id='word_1_208' title='bbox 619 1883 626 1902; x_wconf 75' lang='grc' dir='ltr'><strong><em>τ</em></strong></span> <span class='ocrx_word' id='word_1_209' title='bbox 659 1875 780 1902; x_wconf 79' lang='lat' dir='ltr'><strong>centur</strong></span> <span class='ocrx_word' id='word_1_210' title='bbox 803 1870 855 1901; x_wconf 88' lang='lat' dir='ltr'><strong>P:</strong></span> <span class='ocrx_word' id='word_1_211' title='bbox 880 1881 966 1901; x_wconf 86' lang='lat' dir='ltr'><strong>cena</strong></span> <span class='ocrx_word' id='word_1_212' title='bbox 982 1871 1100 1901; x_wconf 68' lang='lat' dir='ltr'><strong>datur?</strong></span> <span class='ocrx_word' id='word_1_213' title='bbox 1121 1868 1264 1910; x_wconf 81' lang='lat' dir='ltr'><strong>Spengel</strong></span> <span class='ocrx_word' id='word_1_214' title='bbox 1367 1869 1427 1899; x_wconf 85' lang='lat'><strong>128</strong></span> <span class='ocrx_word' id='word_1_215' title='bbox 1454 1867 1519 1899; x_wconf 90' lang='lat' dir='ltr'><strong>Be-</strong></span> 
     </span>
     <span class='ocr_line' id='line_1_32' title="bbox 181 1912 1518 1955; baseline -0.004 -8"><span class='ocrx_word' id='word_1_216' title='bbox 181 1917 286 1955; x_wconf 86' lang='lat' dir='ltr'><strong>nigne</strong></span> <span class='ocrx_word' id='word_1_217' title='bbox 312 1916 394 1947; x_wconf 83' lang='lat' dir='ltr'><strong>dicis</strong></span> <span class='ocrx_word' id='word_1_218' title='bbox 417 1921 505 1946; x_wconf 83' lang='lat' dir='ltr'><strong>astat</strong></span> <span class='ocrx_word' id='word_1_219' title='bbox 529 1926 603 1946; x_wconf 84' lang='lat' dir='ltr'><strong>eum</strong></span> <span class='ocrx_word' id='word_1_220' title='bbox 628 1916 725 1946; x_wconf 89' lang='lat' dir='ltr'><strong>ambo</strong></span> <span class='ocrx_word' id='word_1_221' title='bbox 743 1916 824 1954; x_wconf 81' lang='lat' dir='ltr'><strong>(om.</strong></span> <span class='ocrx_word' id='word_1_222' title='bbox 849 1914 926 1945; x_wconf 87' lang='lat' dir='ltr'><strong>ben.</strong></span> <span class='ocrx_word' id='word_1_223' title='bbox 948 1916 1040 1953; x_wconf 77' lang='lat' dir='ltr'><strong>uoc.)</strong></span> <span class='ocrx_word' id='word_1_224' title='bbox 1059 1914 1110 1945; x_wconf 84' lang='lat' dir='ltr'><strong>P:</strong></span> <span class='ocrx_word' id='word_1_225' title='bbox 1148 1913 1296 1952; x_wconf 82' lang='lat' dir='ltr'><strong>benigne</strong></span> <span class='ocrx_word' id='word_1_226' title='bbox 1321 1912 1405 1943; x_wconf 88' lang='lat' dir='ltr'><strong>dicis</strong></span> <span class='ocrx_word' id='word_1_227' title='bbox 1429 1912 1518 1943; x_wconf 87' lang='lat' dir='ltr'><strong>bene</strong></span> 
     </span>
     <span class='ocr_line' id='line_1_33' title="bbox 180 1955 1515 2000; baseline -0.004 -9"><span class='ocrx_word' id='word_1_228' title='bbox 180 1970 283 1991; x_wconf 83' lang='lat' dir='ltr'><strong>uocas</strong></span> <span class='ocrx_word' id='word_1_229' title='bbox 299 1964 351 1991; x_wconf 83' lang='lat' dir='ltr'><strong>etc.</strong></span> <span class='ocrx_word' id='word_1_230' title='bbox 369 1959 519 2000; x_wconf 81' lang='lat' dir='ltr'><strong>Spengel,</strong></span> <span class='ocrx_word' id='word_1_231' title='bbox 537 1964 574 1990; x_wconf 82' lang='lat' dir='ltr'><strong>ut</strong></span> <span class='ocrx_word' id='word_1_232' title='bbox 596 1969 708 1990; x_wconf 79' lang='lat' dir='ltr'><strong>versus</strong></span> <span class='ocrx_word' id='word_1_233' title='bbox 728 1958 982 1997; x_wconf 69' lang='lat' dir='ltr'><strong>Reizianusfiat</strong></span> <span class='ocrx_word' id='word_1_234' title='bbox 1096 1968 1156 1997; x_wconf 87' lang='lat'><strong>129</strong></span> <span class='ocrx_word' id='word_1_235' title='bbox 1180 1968 1237 1988; x_wconf 88' lang='lat' dir='ltr'><strong>era</strong></span> <span class='ocrx_word' id='word_1_236' title='bbox 1255 1967 1320 1987; x_wconf 79' lang='lat' dir='ltr'><strong>om.</strong></span> <span class='ocrx_word' id='word_1_237' title='bbox 1341 1955 1375 1986; x_wconf 91' lang='lat' dir='ltr'><em>P</em></span> <span class='ocrx_word' id='word_1_238' title='bbox 1453 1956 1515 1987; x_wconf 83' lang='lat' dir='ltr'><strong>As.</strong></span> 
     </span>
     <span class='ocr_line' id='line_1_34' title="bbox 179 1999 1517 2044; baseline -0.004 -9"><span class='ocrx_word' id='word_1_239' title='bbox 179 2015 245 2036; x_wconf 86' lang='lat' dir='ltr'><strong>om.</strong></span> <span class='ocrx_word' id='word_1_240' title='bbox 266 2003 298 2034; x_wconf 85' lang='lat' dir='ltr'><em>A</em></span> <span class='ocrx_word' id='word_1_241' title='bbox 437 2014 498 2044; x_wconf 87' lang='lat'><strong>130</strong></span> <span class='ocrx_word' id='word_1_242' title='bbox 522 2003 593 2044; x_wconf 88' lang='lat' dir='ltr'><strong>dic]</strong></span> <span class='ocrx_word' id='word_1_243' title='bbox 608 2004 682 2034; x_wconf 80' lang='lat' dir='ltr'><strong>istic</strong></span> <span class='ocrx_word' id='word_1_244' title='bbox 698 2003 732 2034; x_wconf 92' lang='grc' dir='ltr'><em>Ρ</em></span> <span class='ocrx_word' id='word_1_245' title='bbox 818 2003 873 2042; x_wconf 89' lang='lat' dir='ltr'><strong>qui</strong></span> <span class='ocrx_word' id='word_1_246' title='bbox 886 2012 923 2033; x_wconf 83' lang='lat' dir='ltr'><strong>es</strong></span> <span class='ocrx_word' id='word_1_247' title='bbox 940 2001 975 2032; x_wconf 93' lang='grc' dir='ltr'><em>Ρ</em></span> <span class='ocrx_word' id='word_1_248' title='bbox 1060 2002 1233 2033; x_wconf 85' lang='lat' dir='ltr'><strong>archinam</strong></span> <span class='ocrx_word' id='word_1_249' title='bbox 1250 2001 1301 2031; x_wconf 82' lang='lat' dir='ltr'><strong>P:</strong></span> <span class='ocrx_word' id='word_1_250' title='bbox 1327 1999 1517 2040; x_wconf 76' lang='lat' dir='ltr'><strong>velArchy-</strong></span> 
     </span>
     <span class='ocr_line' id='line_1_35' title="bbox 180 2044 1515 2088; baseline -0.002 -10"><span class='ocrx_word' id='word_1_251' title='bbox 180 2048 297 2086; x_wconf 86' lang='lat' dir='ltr'><strong>linem,</strong></span> <span class='ocrx_word' id='word_1_252' title='bbox 319 2046 378 2078; x_wconf 80' lang='lat' dir='ltr'><strong>sed</strong></span> <span class='ocrx_word' id='word_1_253' title='bbox 392 2047 427 2087; x_wconf 89' lang='lat' dir='ltr'><strong>cs.</strong></span> <span class='ocrx_word' id='word_1_254' title='bbox 446 2048 489 2079; x_wconf 90' lang='lat' dir='ltr'><strong>K.</strong></span> <span class='ocrx_word' id='word_1_255' title='bbox 508 2046 661 2078; x_wconf 76' lang='lat' dir='ltr'><strong>Schmidt</strong></span> <span class='ocrx_word' id='word_1_256' title='bbox 680 2047 813 2088; x_wconf 66' lang='lat' dir='ltr'><strong>(Herm.</strong></span> <span class='ocrx_word' id='word_1_257' title='bbox 827 2057 879 2087; x_wconf 82' lang='lat'><strong>37,</strong></span> <span class='ocrx_word' id='word_1_258' title='bbox 900 2046 975 2085; x_wconf 78' lang='lat'>178)</span> <span class='ocrx_word' id='word_1_259' title='bbox 1067 2055 1124 2085; x_wconf 84' lang='lat'><strong>131</strong></span> <span class='ocrx_word' id='word_1_260' title='bbox 1146 2044 1405 2076; x_wconf 83' lang='lat' dir='ltr'><strong>meretricemA</strong></span> <span class='ocrx_word' id='word_1_261' title='bbox 1421 2045 1515 2084; x_wconf 71' lang='lat' dir='ltr'><strong>(fort.</strong></span> 
     </span>
     <span class='ocr_line' id='line_1_36' title="bbox 173 2088 1519 2132; baseline -0.003 -10"><span class='ocrx_word' id='word_1_262' title='bbox 173 2097 283 2132; x_wconf 80' lang='lat' dir='ltr'><em>prava</em></span> <span class='ocrx_word' id='word_1_263' title='bbox 307 2091 489 2122; x_wconf 79' lang='lat' dir='ltr'><strong>emendatio</strong></span> <span class='ocrx_word' id='word_1_264' title='bbox 514 2092 609 2122; x_wconf 76' lang='lat' dir='ltr'><strong>metm·</strong></span> <span class='ocrx_word' id='word_1_265' title='bbox 631 2101 730 2122; x_wconf 81' lang='lat' dir='ltr'><strong>causa</strong></span> <span class='ocrx_word' id='word_1_266' title='bbox 747 2091 857 2131; x_wconf 77' lang='lat' dir='ltr'><strong>facta)</strong></span> <span class='ocrx_word' id='word_1_267' title='bbox 877 2102 884 2121; x_wconf 69' lang='grc' dir='ltr'>ι</span> <span class='ocrx_word' id='word_1_268' title='bbox 913 2090 1110 2121; x_wconf 78' lang='lat' dir='ltr'><strong>tonstricem</strong></span> <span class='ocrx_word' id='word_1_269' title='bbox 1135 2089 1256 2130; x_wconf 62' lang='lat' dir='ltr'><strong>Bergk,</strong></span> <span class='ocrx_word' id='word_1_270' title='bbox 1277 2089 1329 2119; x_wconf 81' lang='lat' dir='ltr'><strong>cui</strong></span> <span class='ocrx_word' id='word_1_271' title='bbox 1356 2088 1519 2129; x_wconf 78' lang='lat' dir='ltr'><strong>synaplu&#39;a</strong></span> 
     </span>
    </p>
   </div>
   <div class='ocr_carea' id='block_1_11' title="bbox 180 2132 1562 2254">
    <p class='ocr_par' dir='ltr' id='par_1_12' title="bbox 180 2132 1562 2254">
     <span class='ocr_line' id='line_1_37' title="bbox 180 2132 1562 2183; baseline -0.002 -17"><span class='ocrx_word' id='word_1_272' title='bbox 180 2135 389 2183; x_wconf 76' lang='lat' dir='ltr'><strong>Archilinem</strong></span> <span class='ocrx_word' id='word_1_273' title='bbox 416 2139 460 2175; x_wconf 79' lang='grc' dir='ltr'><strong>ὀρ</strong></span> <span class='ocrx_word' id='word_1_274' title='bbox 478 2138 490 2173; x_wconf 80' lang='lat' dir='ltr'><strong>ll</strong></span> <span class='ocrx_word' id='word_1_275' title='bbox 510 2134 684 2166; x_wconf 78' lang='lat' dir='ltr'><strong>stetricem</strong></span> <span class='ocrx_word' id='word_1_276' title='bbox 707 2145 774 2166; x_wconf 82' lang='lat' dir='ltr'><strong>non</strong></span> <span class='ocrx_word' id='word_1_277' title='bbox 795 2135 901 2175; x_wconf 76' lang='lat' dir='ltr'><strong>placet</strong></span> <span class='ocrx_word' id='word_1_278' title='bbox 998 2134 1083 2164; x_wconf 86' lang='lat' dir='ltr'><strong>mala</strong></span> <span class='ocrx_word' id='word_1_279' title='bbox 1103 2134 1227 2164; x_wconf 85' lang='lat' dir='ltr'><strong>femina</strong></span> <span class='ocrx_word' id='word_1_280' title='bbox 1244 2143 1281 2164; x_wconf 87' lang='lat' dir='ltr'><strong>es</strong></span> <span class='ocrx_word' id='word_1_281' title='bbox 1307 2132 1399 2164; x_wconf 82' lang='lat' dir='ltr'><strong>soles</strong></span> <span class='ocrx_word' id='word_1_282' title='bbox 1420 2132 1519 2163; x_wconf 85' lang='lat' dir='ltr'><strong>unies</strong></span> <span class='ocrx_word' id='word_1_283' title='bbox 1558 2144 1562 2148; x_wconf 69' lang='grc'><strong>’</strong></span> 
     </span>
     <span class='ocr_line' id='line_1_38' title="bbox 300 2188 308 2204; baseline 0 0"><span class='ocrx_word' id='word_1_284' title='bbox 300 2188 308 2204; x_wconf 89' lang='lat'>1</span> 
     </span>
     <span class='ocr_line' id='line_1_39' title="bbox 182 2210 1518 2254; baseline -0.003 -10"><span class='ocrx_word' id='word_1_285' title='bbox 182 2215 259 2254; x_wconf 82' lang='lat' dir='ltr'><strong>(pro</strong></span> <span class='ocrx_word' id='word_1_286' title='bbox 277 2224 320 2243; x_wconf 88' lang='lat' dir='ltr'><strong>un</strong></span> <span class='ocrx_word' id='word_1_287' title='bbox 341 2223 388 2252; x_wconf 78' lang='lat' dir='ltr'><strong>es,</strong></span> <span class='ocrx_word' id='word_1_288' title='bbox 407 2213 427 2243; x_wconf 76' lang='lat' dir='ltr'><strong>i.</strong></span> <span class='ocrx_word' id='word_1_289' title='bbox 442 2224 465 2243; x_wconf 78' lang='lat' dir='ltr'><strong>e.</strong></span> <span class='ocrx_word' id='word_1_290' title='bbox 487 2213 576 2244; x_wconf 84' lang='lat' dir='ltr'><strong>unde</strong></span> <span class='ocrx_word' id='word_1_291' title='bbox 595 2213 646 2252; x_wconf 79' lang='grc'>65)</span> <span class='ocrx_word' id='word_1_292' title='bbox 669 2213 699 2244; x_wconf 93' lang='lat' dir='ltr'><strong>d.</strong></span> <span class='ocrx_word' id='word_1_293' title='bbox 719 2212 772 2243; x_wconf 85' lang='lat' dir='ltr'><strong>P:</strong></span> <span class='ocrx_word' id='word_1_294' title='bbox 798 2213 884 2243; x_wconf 76' lang='lat' dir='ltr'><strong>mala</strong></span> <span class='ocrx_word' id='word_1_295' title='bbox 905 2217 940 2242; x_wconf 85' lang='lat' dir='ltr'><strong>tu</strong></span> <span class='ocrx_word' id='word_1_296' title='bbox 967 2211 1089 2242; x_wconf 81' lang='lat' dir='ltr'><strong>femina</strong></span> <span class='ocrx_word' id='word_1_297' title='bbox 1113 2222 1150 2242; x_wconf 83' lang='lat' dir='ltr'><strong>es</strong></span> <span class='ocrx_word' id='word_1_298' title='bbox 1174 2211 1247 2242; x_wconf 80' lang='lat' dir='ltr'><strong>oles</strong></span> <span class='ocrx_word' id='word_1_299' title='bbox 1272 2220 1345 2242; x_wconf 84' lang='lat' dir='ltr'><strong>earn</strong></span> <span class='ocrx_word' id='word_1_300' title='bbox 1372 2210 1462 2240; x_wconf 83' lang='lat' dir='ltr'><strong>unde</strong></span> <span class='ocrx_word' id='word_1_301' title='bbox 1483 2214 1518 2240; x_wconf 90' lang='lat' dir='ltr'><strong>tu</strong></span> 
     </span>
    </p>
   </div>
   <div class='ocr_carea' id='block_1_12' title="bbox 181 2254 1519 2472">
    <p class='ocr_par' dir='ltr' id='par_1_13' title="bbox 181 2254 1519 2472">
     <span class='ocr_line' id='line_1_40' title="bbox 181 2254 1519 2297; baseline -0.003 -9"><span class='ocrx_word' id='word_1_302' title='bbox 181 2268 219 2288; x_wconf 83' lang='lat' dir='ltr'><strong>es</strong></span> <span class='ocrx_word' id='word_1_303' title='bbox 232 2258 263 2288; x_wconf 91' lang='lat' dir='ltr'><strong>d.</strong></span> <span class='ocrx_word' id='word_1_304' title='bbox 281 2257 313 2287; x_wconf 88' lang='lat' dir='ltr'><em>A</em></span> <span class='ocrx_word' id='word_1_305' title='bbox 331 2258 387 2297; x_wconf 76' lang='lat' dir='ltr'><strong>(iv.</strong></span> <span class='ocrx_word' id='word_1_306' title='bbox 408 2267 420 2287; x_wconf 83' lang='lat'>1</span> <span class='ocrx_word' id='word_1_307' title='bbox 439 2258 465 2297; x_wconf 67' lang='grc' dir='ltr'><strong>ἲ)</strong></span> <span class='ocrx_word' id='word_1_308' title='bbox 603 2267 663 2296; x_wconf 81' lang='lat'><strong>132</strong></span> <span class='ocrx_word' id='word_1_309' title='bbox 688 2257 869 2287; x_wconf 79' lang='lat' dir='ltr'><strong>manifesta</strong></span> <span class='ocrx_word' id='word_1_310' title='bbox 886 2256 938 2287; x_wconf 84' lang='lat' dir='ltr'><strong>P:</strong></span> <span class='ocrx_word' id='word_1_311' title='bbox 962 2256 1174 2286; x_wconf 84' lang='lat' dir='ltr'><strong>manifestam</strong></span> <span class='ocrx_word' id='word_1_312' title='bbox 1189 2254 1263 2286; x_wconf 75' lang='lat' dir='ltr'><em>Ital.</em></span> <span class='ocrx_word' id='word_1_313' title='bbox 1357 2260 1390 2285; x_wconf 81' lang='lat' dir='ltr'><strong>te</strong></span> <span class='ocrx_word' id='word_1_314' title='bbox 1415 2259 1519 2285; x_wconf 86' lang='lat' dir='ltr'><strong>teneo</strong></span> 
     </span>
     <span class='ocr_line' id='line_1_41' title="bbox 181 2297 1518 2340; baseline -0.002 -9"><span class='ocrx_word' id='word_1_315' title='bbox 181 2301 213 2332; x_wconf 97' lang='grc' dir='ltr'><strong>Ρ</strong></span> <span class='ocrx_word' id='word_1_316' title='bbox 348 2311 408 2340; x_wconf 86' lang='lat'><strong>133</strong></span> <span class='ocrx_word' id='word_1_317' title='bbox 432 2306 534 2340; x_wconf 82' lang='lat' dir='ltr'><strong>quate</strong></span> <span class='ocrx_word' id='word_1_318' title='bbox 555 2301 788 2331; x_wconf 86' lang='lat' dir='ltr'><strong>adducituram</strong></span> <span class='ocrx_word' id='word_1_319' title='bbox 809 2300 842 2330; x_wconf 92' lang='grc' dir='ltr'><em>Ρ</em></span> <span class='ocrx_word' id='word_1_320' title='bbox 927 2310 1005 2330; x_wconf 82' lang='lat' dir='ltr'><strong>eum</strong></span> <span class='ocrx_word' id='word_1_321' title='bbox 1023 2300 1132 2339; x_wconf 85' lang='lat' dir='ltr'><strong>ipsum</strong></span> <span class='ocrx_word' id='word_1_322' title='bbox 1150 2300 1274 2330; x_wconf 81' lang='lat' dir='ltr'><strong>inonea</strong></span> <span class='ocrx_word' id='word_1_323' title='bbox 1290 2309 1348 2329; x_wconf 80' lang='lat' dir='ltr'><strong>ase</strong></span> <span class='ocrx_word' id='word_1_324' title='bbox 1366 2307 1454 2329; x_wconf 68' lang='lat' dir='ltr'><strong>&#39;asae</strong></span> <span class='ocrx_word' id='word_1_325' title='bbox 1471 2297 1518 2333; x_wconf 76' lang='grc' dir='ltr'><strong>Β)</strong></span> 
     </span>
     <span class='ocr_line' id='line_1_42' title="bbox 181 2343 1518 2385; baseline -0.002 -10"><span class='ocrx_word' id='word_1_326' title='bbox 181 2344 224 2376; x_wconf 85' lang='grc' dir='ltr'><strong>Ρ;</strong></span> <span class='ocrx_word' id='word_1_327' title='bbox 244 2345 293 2375; x_wconf 78' lang='lat' dir='ltr'><strong>vel</strong></span> <span class='ocrx_word' id='word_1_328' title='bbox 303 2355 481 2385; x_wconf 76' lang='lat' dir='ltr'><strong>eumpsum</strong></span> <span class='ocrx_word' id='word_1_329' title='bbox 495 2354 563 2374; x_wconf 81' lang='lat' dir='ltr'><strong>non</strong></span> <span class='ocrx_word' id='word_1_330' title='bbox 578 2355 747 2384; x_wconf 81' lang='lat' dir='ltr'><strong>eampsam</strong></span> <span class='ocrx_word' id='word_1_331' title='bbox 764 2345 847 2384; x_wconf 84' lang='lat' dir='ltr'><strong>(·se)</strong></span> <span class='ocrx_word' id='word_1_332' title='bbox 942 2349 1002 2382; x_wconf 80' lang='lat'><strong>134</strong></span> <span class='ocrx_word' id='word_1_333' title='bbox 1028 2344 1090 2374; x_wconf 78' lang='lat' dir='ltr'><strong>iam</strong></span> <span class='ocrx_word' id='word_1_334' title='bbox 1104 2354 1170 2374; x_wconf 82' lang='lat' dir='ltr'><strong>om.</strong></span> <span class='ocrx_word' id='word_1_335' title='bbox 1185 2344 1217 2373; x_wconf 90' lang='grc' dir='ltr'><strong>Ρ</strong></span> <span class='ocrx_word' id='word_1_336' title='bbox 1289 2348 1341 2373; x_wconf 85' lang='lat' dir='ltr'><strong>cst</strong></span> <span class='ocrx_word' id='word_1_337' title='bbox 1360 2343 1409 2383; x_wconf 51' lang='lat' dir='ltr'><strong>(e)</strong></span> <span class='ocrx_word' id='word_1_338' title='bbox 1425 2352 1518 2382; x_wconf 84' lang='lat' dir='ltr'><strong>pres-</strong></span> 
     </span>
     <span class='ocr_line' id='line_1_43' title="bbox 182 2387 1518 2428; baseline -0.002 -9"><span class='ocrx_word' id='word_1_339' title='bbox 182 2389 320 2427; x_wconf 78' lang='lat' dir='ltr'><strong>tigiator</strong></span> <span class='ocrx_word' id='word_1_340' title='bbox 346 2388 380 2417; x_wconf 92' lang='grc' dir='ltr'><em>Ρ</em></span> <span class='ocrx_word' id='word_1_341' title='bbox 543 2399 602 2428; x_wconf 82' lang='grc'><strong>135</strong></span> <span class='ocrx_word' id='word_1_342' title='bbox 627 2389 766 2428; x_wconf 82' lang='lat' dir='ltr'><strong>loquere</strong></span> <span class='ocrx_word' id='word_1_343' title='bbox 792 2387 824 2419; x_wconf 90' lang='lat' dir='ltr'><em>P</em></span> <span class='ocrx_word' id='word_1_344' title='bbox 941 2387 1074 2427; x_wconf 83' lang='lat' dir='ltr'><strong>astaphi</strong></span> <span class='ocrx_word' id='word_1_345' title='bbox 1094 2398 1203 2418; x_wconf 82' lang='lat' dir='ltr'><strong>unous</strong></span> <span class='ocrx_word' id='word_1_346' title='bbox 1220 2387 1254 2417; x_wconf 91' lang='lat' dir='ltr'><em>P</em></span> <span class='ocrx_word' id='word_1_347' title='bbox 1402 2388 1461 2426; x_wconf 88' lang='lat'><strong>136</strong></span> <span class='ocrx_word' id='word_1_348' title='bbox 1485 2391 1518 2417; x_wconf 82' lang='lat' dir='ltr'><strong>te</strong></span> 
     </span>
     <span class='ocr_line' id='line_1_44' title="bbox 181 2431 668 2472; baseline -0.002 -9"><span class='ocrx_word' id='word_1_349' title='bbox 181 2443 246 2463; x_wconf 87' lang='lat' dir='ltr'><strong>om.</strong></span> <span class='ocrx_word' id='word_1_350' title='bbox 266 2433 299 2463; x_wconf 84' lang='lat' dir='ltr'><em>P</em></span> <span class='ocrx_word' id='word_1_351' title='bbox 393 2431 467 2472; x_wconf 87' lang='lat' dir='ltr'><strong>qui]</strong></span> <span class='ocrx_word' id='word_1_352' title='bbox 485 2432 620 2471; x_wconf 80' lang='lat' dir='ltr'><strong>quinam</strong></span> <span class='ocrx_word' id='word_1_353' title='bbox 635 2432 668 2462; x_wconf 90' lang='grc' dir='ltr'><em>Ρ</em></span> 
     </span>
    </p>
   </div>
  </div>
 </body>
</html>
