1747 2740
660 141 953 182 POENVLVS
1389 140 1454 179 III
1489 152 1519 178 v

136 258 385 303 utquomque
404 258 464 291 est
483 258 625 290 uentus
646 250 748 289 exim
770 252 903 289 uelum
927 250 1101 289 uortitur.

48 328 113 365 755
135 319 211 355 AG.
244 319 401 356 ualeant
419 318 526 367 apud
547 323 584 355 te
605 330 705 366 quos
727 317 819 354 uolo
837 330 845 362 ;
873 323 992 365 atque
1013 317 1089 353 hau
1112 322 1148 353 te
1170 316 1273 354 uolo.
1493 331 1532 354 10

136 383 206 420 Lv.
238 384 371 421 ualent
392 389 433 420 ut
453 383 743 432 postulatuinst,
767 395 905 419 uerum
927 395 1007 419 non
1030 380 1111 419 tibi.

133 449 208 485 AG.
242 447 352 486 mitte
371 448 423 486 ad
445 461 518 494 me,
541 446 572 485 si
591 448 729 494 audes,
750 445 870 485 hodie
892 445 1181 496 Adelphasium
1203 453 1322 493 tuam,

131 511 196 550 die
216 513 316 551 festo
336 511 481 551 celebri
502 511 706 562 nobilique
727 511 989 562 Aphrodisiis.

133 578 202 615 Lv.
235 576 407 616 calidum
429 576 619 626 prandisti
640 576 850 627 prandium
873 575 1022 615 hodie?
1052 575 1116 614 dic
1138 575 1244 613 mihi.

44 643 113 686 760
133 643 205 680 AG.
257 642 354 693 quid
391 642 498 680 iam?
562 644 631 680 Lv.
677 641 771 692 quia
818 655 861 680 os
911 655 1016 680 nunc
1065 640 1294 691 frigefactaS,
1345 654 1467 690 quom
1490 655 1526 688 15

1343 719 1466 756 rogas.

130 774 204 811 AG.
237 773 314 812 hoc
333 787 405 823 age
426 773 487 820 sis,
512 775 613 812 leno.
673 786 829 812 seruom
853 786 938 811 esse
958 771 1093 811 audiui
1115 785 1248 810 meum

129 839 236 888 apud
257 846 305 877 te.
365 840 434 877 Lv.
467 840 574 889 apud
597 840 689 877 me?
719 851 938 888 numquam
961 839 1107 875 factum
1130 836 1310 887 reperies.

129 905 204 942 AG.
238 904 415 943 mentire.
474 918 565 942 nam
587 905 637 942 ad
659 912 697 942 te
718 903 827 942 uenit
848 917 1067 953 aurumque
1088 902 1227 941 attulit.

129 969 182 1007 ita
203 969 255 1007 mi
277 969 591 1017 remmtiatumst,
615 969 751 1020 quibu⁷
772 970 891 1008 credo
913 969 1015 1007 satis.

41 1037 106 1079 765
130 1036 199 1072 LY.
233 1036 357 1073 malus
379 1050 430 1082 es,
455 1043 654 1085 captatum
678 1048 740 1073 me
761 1033 927 1073 aduenis
948 1047 1038 1072 cum
1062 1032 1242 1072 testibus.
1489 1049 1530 1070 20

127 1106 284 1137 tuorum
304 1101 411 1149 apud
434 1114 495 1138 me
516 1106 672 1138 nemost
694 1113 768 1137 nec
789 1098 1001 1148 quicquam
1025 1097 1090 1136 tui.

125 1165 200 1202 AG.
234 1172 475 1203 mementote
496 1164 598 1212 illuc,
621 1164 817 1203 aduocati.
877 1166 983 1202 ADV.
1016 1162 1280 1202 meminimus.

128 1230 197 1267 Lv.
230 1230 433 1268 hahahae!
464 1229 540 1268 iam
562 1237 680 1268 teneo
701 1229 798 1279 quid
819 1228 878 1275 sit,
902 1228 1080 1279 perspexi
1103 1229 1235 1267 modo.

126 1293 166 1331 hi
187 1293 254 1344 qui
274 1293 384 1332 illum
405 1295 558 1333 dudum
580 1293 892 1333 conciliauerunt
914 1293 1009 1331 mihi

39 1375 108 1410 770
125 1357 372 1409 peregrinum
393 1360 640 1409 Spartanum,
664 1359 704 1398 id
725 1373 832 1397 nunc
852 1358 912 1397 his
933 1358 1137 1397 cerebrum
1159 1357 1290 1405 uritur,
1482 1371 1522 1403 25

124 1437 188 1461 me
209 1437 293 1462 esse
314 1425 386 1462 hos
408 1431 603 1463 trecentos
627 1424 831 1474 Philippos
852 1425 1045 1462 facturum
1068 1423 1174 1462 lucri.

123 1503 229 1528 nunc
249 1490 355 1528 hunc
377 1489 581 1528 inimicum
602 1489 695 1540 quia
715 1504 801 1529 esse
822 1489 1021 1528 sciuerunt
1043 1489 1150 1536 mihi,

123 1568 213 1593 eum
235 1556 466 1605 adlegarunt
487 1569 600 1594 suom
623 1555 689 1606 qui
711 1568 867 1593 seruom
890 1554 1037 1593 diceret

123 1634 213 1659 cum
234 1634 330 1659 auro
350 1634 436 1660 esse
456 1622 563 1672 apud
585 1634 648 1659 nie
667 1635 675 1668 3
705 1619 962 1670 compositast
984 1619 1137 1658 fallacia

37 1696 101 1733 775
123 1693 164 1724 ut
185 1699 234 1725 eo
255 1700 317 1725 me
339 1686 493 1736 priuent
513 1694 632 1736 atque
654 1686 754 1724 inter
774 1699 815 1724 se
836 1685 1026 1724 diuidant.
1479 1696 1522 1727 30

122 1753 216 1802 lupo
236 1766 382 1802 agnum
403 1752 552 1802 eripere
574 1754 785 1802 postulant.
848 1765 970 1801 nugas
991 1758 1121 1801 agunt.

121 1818 197 1855 AG.
229 1831 401 1867 negasne
420 1818 527 1867 apud
549 1825 587 1856 te
608 1831 693 1856 esse
714 1831 852 1855 aurum
875 1830 947 1855 nec
969 1829 1126 1854 seruom
1148 1817 1312 1855 meum?

122 1884 191 1921 Lv.
225 1897 350 1933 nego:
381 1890 418 1921 et
440 1884 636 1934 negando,
657 1883 687 1921 si
710 1883 806 1933 quid
827 1883 951 1928 refert,
974 1881 1094 1920 aruio.

120 1949 226 1987 ADV.
258 1947 416 1998 periisti,
440 1949 541 1987 leno.
601 1962 692 1986 nam
715 1947 823 1986 istest
844 1946 974 1985 huiius
996 1945 1135 1985 uilicus

0 2057 3 2059 μ
33 2020 103 2062 780
120 2026 239 2063 quem
261 2012 331 2052 tibi
354 2027 424 2051 nos
446 2027 531 2052 esse
552 2012 785 2063 Spartiatem
807 2012 989 2055 diximus,
1476 2024 1515 2057 55

119 2078 186 2129 qui
207 2080 258 2118 ad
280 2086 317 2118 te
338 2086 534 2118 trecentos
556 2078 784 2128 Philippeos
806 2079 927 2116 modo
948 2076 1100 2116 detulit.

119 2143 240 2195 idque
261 2144 300 2182 in
322 2144 420 2183 istoc
441 2145 543 2183 adeo
570 2144 573 2195 Ι
599 2157 736 2182 aurum
759 2143 859 2182 inest
881 2142 1119 2193 marsuppio.

165 2259 224 2289 754
251 2253 302 2279 cst
319 2259 384 2280 om.
404 2248 436 2278 A
518 2249 599 2288 fort.
621 2253 758 2279 uentust
865 2257 927 2287 755
954 2247 1067 2278 ualent
1084 2246 1116 2276 A
1137 2246 1188 2285 (cf.
1210 2247 1288 2285 756)
1393 2249 1456 2286 756

122 2293 385 2332 postulanttum*
406 2297 457 2323 est
475 2291 506 2321 A
609 2294 670 2331 763
696 2302 915 2331 maurumquc
934 2291 966 2321 P
1065 2292 1126 2330 765
1153 2296 1202 2329 cst
1221 2291 1251 2320 A
1330 2301 1408 2330 qum
1427 2290 1460 2321 P

123 2338 183 2375 768
209 2338 257 2367 vel
273 2337 383 2367 habac
460 2336 616 2375 perpexit
634 2335 667 2366 P
762 2345 824 2374 773
850 2335 899 2366 vel
913 2334 1159 2373 adlegauerunt
1266 2344 1326 2373 774
1351 2345 1454 2374 quom

121 2381 463 2420 P(ant1·quas0rma)
584 2390 644 2418 777
665 2379 743 2421 nec]
763 2391 801 2419 ne
818 2379 850 2409 A
974 2380 1037 2417 778
1062 2379 1156 2408 aruio
1176 2378 1311 2418 (plebeia
1320 2379 1452 2418 formal,

121 2424 171 2454 vel
187 2425 280 2454 ramo
415 2425 473 2462 781
503 2423 673 2462 philippos
689 2423 722 2453 P
852 2424 914 2462 782
939 2424 1023 2452 adeo
1043 2424 1075 2452 in
1096 2423 1177 2452 istoc
1196 2421 1336 2458 Pvlades
