1747 2740
732 146 959 188 RVDENs
1462 147 1515 187 ΙΙ.
1540 146 1553 188 i

176 260 403 313 praesertim
438 261 573 312 quibu'
599 275 672 300 nec
705 269 893 311 quaestus
929 268 987 300 est
1022 274 1152 311 neque
1187 260 1361 299 didicere
1395 268 1519 299 artem

1377 328 1494 364 ullam
1514 341 1520 364 :

177 392 411 431 necessitate
433 392 629 443 quidquid
650 399 708 430 est
730 391 839 430 domi
861 392 901 430 id
923 400 980 430 sat
1002 400 1059 430 est
1080 392 1323 430 habendum.

178 471 250 495 nos
271 456 348 495 iam
369 458 420 496 de
441 465 580 495 ornatu
602 457 895 507 propemodum
917 464 959 495 ut
980 458 1198 506 locupletes
1219 455 1340 494 simus
1362 456 1468 494 scitis
1486 472 1492 494 :

178 521 285 560 hisce
319 521 426 560 hami
455 529 575 573 atque
605 523 704 560 haec
734 521 976 560 harundines
1007 529 1098 560 sunt
1133 520 1249 559 nobis
1280 529 1446 571 quaestu
1481 529 1519 559 et
1542 537 1558 568 5

1396 588 1515 625 cultu.

90 668 155 703 295
178 653 341 692 cottidie
361 667 408 692 ex
428 653 525 692 urbe
545 654 595 692 ad
618 666 724 692 mare
745 654 824 691 huc
845 652 1051 704 prodimus
1072 653 1304 703 pabulatum
1322 667 1329 690 ε

177 733 248 770 pro
268 719 439 758 exercitu
460 719 706 770 gymnastico
728 727 766 758 et
788 718 1020 770 palaestrico
1041 720 1119 757 hoc
1139 718 1333 757 habemus
1349 733 1358 766 3

176 784 351 832 echinos,
374 786 550 836 lopadas,
573 793 733 832 ostreas,
759 786 922 824 balanos
945 792 1162 835 captamus,
1185 785 1370 831 conchas,

177 850 367 888 marinam
388 850 566 897 urticam,
590 852 804 897 musculos,
829 849 1025 900 plagusias
1046 849 1199 888 striatas
1215 864 1225 897 3

176 915 309 966 postid
330 914 524 966 piscatum
546 915 775 954 hamatilem
798 923 836 954 et
858 914 1060 953 saxatilem
1082 914 1344 965 adgredimur.
1542 927 1581 950 10

89 996 159 1030 300
177 981 310 1019 cibum
332 988 537 1031 captamus
558 995 579 1019 e
602 980 696 1019 mari
715 997 721 1019 :
753 980 783 1019 si
806 988 973 1019 euentus
994 994 1075 1018 non
1097 979 1230 1019 euenit

176 1061 307 1097 neque
327 1046 542 1098 quicquam
563 1054 762 1097 captumst
784 1045 963 1096 piscium,
988 1045 1077 1083 salsi
1099 1045 1274 1096 lautique
1295 1059 1391 1096 pure

177 1113 342 1151 domum
363 1112 536 1152 redimus
558 1113 794 1159 clanculum,
819 1110 1039 1151 dormimus
1060 1110 1243 1150 incenati.

176 1187 295 1229 atque
315 1186 357 1217 ut
378 1192 484 1217 nunc
504 1178 636 1218 ualide
657 1179 821 1216 fluctuat
843 1191 960 1224 mare,
985 1178 1092 1215 nulla
1112 1176 1229 1215 nobis
1250 1191 1339 1228 spes
1361 1185 1441 1216 est:

177 1244 251 1283 nisi
272 1244 368 1295 quid
389 1245 633 1283 concharum
654 1243 865 1294 capsimus,
889 1242 1060 1281 incenati
1083 1244 1210 1281 sumu’
1232 1245 1419 1293 profecto.
1542 1257 1578 1289 15

88 1325 154 1361 305
177 1323 283 1348 nunc
322 1310 519 1348 Venerem
566 1310 669 1347 hanc
691 1348 694 1354 ,
714 1321 950 1347 ueneremur
997 1308 1156 1355 bonam,
1194 1316 1235 1346 ut
1274 1322 1347 1347 nos
1387 1309 1518 1360 lepide

1194 1373 1363 1413 adiuerit
1384 1374 1514 1413 hodie.

445 1464 788 1501 TRACHALIO
903 1463 1260 1500 P1scAToREs
1539 1459 1568 1495 ii

176 1536 252 1573 ΤΗ.
298 1533 490 1572 Animum
520 1533 732 1572 aduorsaui
764 1534 905 1571 sedulo
933 1547 983 1571 ne
1015 1546 1125 1571 erum
1155 1546 1322 1582 usquam
1353 1540 1519 1583 praeter-

1397 1597 1491 1637 irem
1509 1612 1520 1646 3

176 1679 267 1703 nam
289 1678 410 1715 quom
433 1665 555 1703 modo
576 1664 707 1702 exibat
728 1665 842 1711 foras,
864 1665 916 1702 ad
937 1671 1095 1714 portum
1117 1677 1158 1702 se
1179 1663 1285 1702 aibat
1306 1663 1371 1711 ire,

176 1744 238 1769 me
259 1731 336 1769 huc
358 1729 519 1769 obuiam
540 1729 651 1767 iussit
673 1729 746 1768 sibi
768 1729 903 1768 uenire
924 1730 974 1768 ad
996 1728 1162 1768 Veneris
1184 1730 1330 1767 fanum.

176 1797 245 1834 sed
267 1809 367 1846 quos
388 1803 596 1846 perconter
617 1796 831 1833 commode
853 1809 969 1833 eccos
990 1794 1110 1833 uideo
1131 1802 1268 1833 astare.
1328 1794 1460 1834 adibo.

90 1878 158 1912 310
176 1863 336 1908 saluete,
359 1862 462 1899 fures
484 1859 693 1907 maritumi,
716 1860 926 1899 conchitae
946 1868 1066 1910 atque
1087 1860 1298 1907 hamiotae.‚
1539 1876 1556 1907 5

177 1926 357 1966 famelica
378 1926 585 1965 hominum
607 1925 726 1965 natio.
786 1926 883 1977 quid
903 1926 1047 1977 agitis?
1076 1934 1118 1965 ut
1139 1925 1303 1977 peritis?

221 2038 280 2067 291
308 2027 435 2067 neque]
452 2037 513 2058 nec
531 2026 596 2058 cod.
656 2027 826 2058 edidicere
840 2027 944 2058 Marx
998 2027 1120 2058 nullam
1133 2026 1277 2067 Spengel
1364 2036 1426 2066 294
1452 2027 1515 2058 hae

178 2073 252 2113 <pro
278 2072 382 2102 haee?
418 2072 436 2102 i.
463 2072 500 2111 9)
528 2072 600 2102 har.
631 2071 734 2109 (PBG)
763 2072 814 2102 vel
837 2072 890 2102 his
919 2072 988 2103 har.
1017 2070 1064 2107 <T
1087 2074 1123 2101 ut
1143 2070 1229 2112 vid.)
1251 2069 1317 2102 cod.
1452 2080 1516 2110 295

178 2116 303 2146 cotidie
319 2115 384 2146 cod.
404 2119 440 2146 ut
455 2114 519 2146 vid.
539 2117 564 2152 (ί
577 2115 652 2145 libri
665 2114 795 2146 veteres‘
812 2115 984 2151 Lambini)
1007 2114 1098 2155 (PBG
1117 2125 1149 2147 n.
1168 2114 1208 2155 I.)
1335 2116 1400 2153 296
1424 2114 1515 2154 pale-

178 2160 317 2190 stricum
335 2159 401 2189 cod.
495 2168 555 2199 297
580 2159 699 2190 balano
711 2159 776 2190 cod.
867 2170 931 2199 299
954 2159 1173 2199 aggredimur
1190 2157 1319 2188 Merula
1336 2168 1342 2187 :
1367 2158 1514 2197 atgredi-

179 2208 233 2233 tur
249 2202 316 2234 cod.
335 2207 372 2233 ul
386 2202 448 2233 vid.
471 2203 506 2243 (ι’.
521 2214 545 2233 e.
564 2203 685 2242 adgrA,
705 2203 762 2233 vtlr
778 2207 852 2234 recle
966 2214 1033 2243 300
1056 2203 1170 2233 euenit
1188 2202 1312 2232 Bothe:
1339 2201 1433 2232 uenit
1446 2201 1515 2232 cod.

178 2257 242 2286 303
267 2252 302 2277 ut
319 2258 384 2278 om.
408 2247 439 2276 Β
549 2257 612 2285 304
637 2247 839 2277 concharum
864 2246 959 2277 Παίς
985 2247 1176 2277 conclarum
1201 2245 1268 2277 cod.
1296 2244 1514 2285 (v12vPlaut12

178 2302 263 2321 num
279 2301 286 2328 ;
311 2291 347 2331 tf
369 2290 471 2321 slass.
490 2289 570 2322 Rev.
590 2292 622 2329 6,
639 2291 695 2323 883
787 2292 898 2321 cenati
916 2290 996 2322 Reiz
1004 2291 1087 2330 sort.
1104 2294 1180 2320 recle
1196 2292 1249 2329 (cs.
1270 2290 1349 2330 302)
1450 2291 1515 2328 306

1227 2342 1239 2358 ς

177 2369 325 2399 animum
345 2368 540 2399 Dissaldeus
556 2380 562 2399 z
587 2368 698 2398 animo
719 2367 786 2399 cod.
909 2379 974 2407 309
997 2378 1120 2399 eccons
1138 2369 1255 2406 (eccon
1269 2368 1293 2409 2)
1313 2371 1349 2396 ut
1364 2366 1428 2397 vid.
1447 2366 1513 2398 cod.

178 2413 317 2452 (eccons
331 2413 407 2443 PCD
423 2425 429 2443 :
455 2412 591 2443 occonis
611 2411 658 2442 T:
682 2422 786 2442 eccon
805 2413 831 2443 si
848 2412 893 2442 Bi
911 2413 960 2451 ics.
977 2412 1025 2442 ad
1038 2411 1128 2443 Pers.
1147 2419 1227 2451 47¹)
1299 2411 1397 2442 adibo
1415 2410 1490 2441 Ital.
1508 2423 1514 2441 :

176 2457 268 2487 adito
285 2457 350 2487 cod.

221 2511 339 2532 PLAVT.
361 2510 383 2531 11
1383 2500 1426 2530 22
