1747 2740
90 510 156 547 795

87 827 157 862 800

86 1221 152 1266 805

83 1747 152 1782 810

639 122 1045 160 MOSTELLARIA
1430 122 1509 159 III.
1530 120 1559 158 ii

286 245 360 282 ego
380 231 444 270 hic
465 244 550 270 esse
570 238 608 269 et
629 230 682 269 illi
703 231 836 269 simitu
858 233 935 269 hau
958 231 1079 281 potui.

287 299 367 336 ΤΗ.
399 297 496 348 quid
512 298 650 335 nunc?
701 298 777 335 TR.
810 296 904 343 nise,
924 304 1059 347 specta
1080 304 1149 335 tuo
1171 310 1296 346 usque
1316 296 1516 335 arbitratu.

287 365 367 402 ΤΗ.
399 376 470 414 age
501 361 558 415 (i),
597 363 701 401 duce
731 376 804 401 me.
865 364 941 400 ΤΚ.
975 376 1069 400 num
1102 364 1262 401 moror?
1319 363 1398 399 ΤΗ.
1432 376 1519 412 sup-

1302 441 1446 478 sequor
1468 435 1516 466 te.

287 496 363 533 TR.
397 508 517 533 senex
535 493 642 544 ipsus
665 501 704 533 te
721 501 814 532 ante
835 493 980 532 ostium
1003 507 1141 532 eccum
1163 493 1375 544 opperitur.
1543 506 1601 538 1c5

286 561 356 598 sed
378 568 420 598 ut
441 567 629 597 maestust
651 573 737 598 sese
758 560 877 598 hasce
898 558 1127 598 uendidisse
1147 561 1153 596 !

285 626 364 662 ΤΗ.
398 623 494 674 quid
516 625 708 662 tandem?
765 626 841 662 TR.
875 632 958 663 orat
981 632 1021 662 ut
1043 625 1232 662 suadeam
1256 623 1516 662 Philolacheti

282 697 325 728 ut
346 690 438 729 istas
459 689 631 728 remittat
650 689 736 728 sibi.
797 692 876 728 ΤΗ.
910 691 1017 728 haud
1035 689 1190 739 opinor.

283 754 358 793 sibi
379 754 546 805 quisque
567 754 643 793 ruri
665 755 787 793 metit.
847 754 877 792 si
900 756 1002 793 male
1019 762 1179 805 emptae

284 821 421 866 forent,
445 819 561 858 nobis
584 819 677 858 istas
696 819 905 858 redhibere
926 821 1004 857 hau
1025 818 1170 857 liceret.
1541 834 1603 856 110

284 884 380 923 lucri
400 884 597 934 quidquid
617 891 686 931 est,
710 883 750 923 id
771 885 937 923 domum
959 886 1111 923 trahere
1131 892 1297 935 oportet.

284 949 551 988 misericordia
572 963 589 987 s
629 963 646 984 *
688 949 892 988 hominem
914 957 1080 1000 oportet.

283 1017 358 1054 TR.
393 1028 544 1053 morare
565 1015 707 1061 hercle,
751 1028 769 1048 >22
811 1014 916 1052 facis.
977 1028 1229 1065 supsequere.
1290 1017 1369 1054 TH.
1403 1017 1482 1054 fiat.

175 1083 229 1120 do
248 1080 320 1119 tibi
340 1094 414 1131 ego
438 1093 610 1131 operam.
672 1081 747 1118 ΤΗ.
781 1093 901 1118 senex
931 1079 1009 1118 illic
1040 1088 1108 1118 est.
1169 1094 1245 1125 em,
1267 1080 1339 1118 tibi
1368 1080 1515 1119 adduxi

1297 1145 1512 1184 hominem.

174 1214 228 1251 S1.
259 1213 413 1250 saluom
434 1218 472 1249 te
491 1210 702 1250 aduenisse
722 1224 881 1261 peregre
899 1212 1066 1262 gaudeo,
1090 1210 1404 1261 Theopropides.
1538 1227 1596 1259 115

173 1279 253 1317 ΤΗ.
285 1276 327 1316 di
356 1284 395 1316 te
423 1283 568 1316 ament.
629 1277 699 1315 S1..
717 1275 910 1326 inspicere
941 1283 979 1315 te
1007 1275 1118 1314 aedis
1147 1277 1216 1314 has
1252 1277 1354 1314 uelle
1383 1276 1515 1314 aiebat

1406 1341 1512 1380 mihi.

172 1411 254 1448 ΤΗ.
284 1408 359 1447 nisi
399 1408 470 1447 tibi
509 1415 567 1447 est
606 1407 919 1446 incommodum.
979 1409 1033 1446 S1.
1075 1407 1199 1446 immo
1241 1409 1511 1446 commodum.

1057 1472 1067 1511 i
1088 1472 1191 1511 intro
1211 1480 1330 1523 atque
1351 1472 1511 1523 inspice.

171 1543 251 1580 TH.
283 1548 323 1579 at
363 1539 470 1579 enim
515 1539 820 1578 mulieres—Sl.
867 1552 964 1578 caue
1010 1546 1052 1577 tu
1095 1540 1215 1577 ullam
1258 1538 1372 1577 flocci
1417 1538 1513 1577 faxis

1293 1603 1509 1644 mulierem.

170 1671 362 1722 qualubet
380 1669 611 1722 perambula
630 1668 739 1708 aedis
760 1668 911 1719 oppido
932 1675 1135 1719 tamquam
1157 1677 1253 1708 tuas

171 1739 250 1776 ΤΗ.
287 1737 569 1787 ‘tamquam'?
625 1737 701 1774 TR.
733 1734 794 1783 ah,
827 1748 925 1774 caue
957 1742 999 1774 tu
1030 1734 1083 1773 illi
1118 1735 1294 1774 obiectes
1329 1749 1435 1775 nunc
1469 1736 1509 1775 in
1533 1750 1594 1773 120

1263 1801 1509 1851 aegritudine

214 1919 276 1949 792
288 1907 337 1940 vel
345 1907 411 1939 illic
426 1907 487 1949 (ita
497 1906 605 1948 codd.)
696 1906 795 1937 simul
808 1906 957 1946 (simulet
974 1905 1066 1942 PCD)
1081 1906 1113 1937 P
1198 1910 1277 1946 pote
1294 1906 1340 1936 fui
1359 1905 1508 1938 Sonnen-

169 1953 283 1989 schein,
295 1952 463 1992 utinteger
470 1954 653 1982 tetrameter
653 1951 721 1990 fiat
787 1960 850 1991 793
862 1951 943 1990 quid
956 1960 1025 1981 nun
1042 1950 1126 1992 [uis]
1139 1950 1172 1981 A
1231 1951 1302 1990 uisa
1313 1950 1346 1980 A
1401 1961 1508 1991 usque

169 2009 236 2029 om.
251 1996 285 2027 P
372 2006 433 2035 794
451 1994 546 2026 iadcl.
565 1994 667 2026 Weise
755 1995 818 2026 duc
835 1994 923 2026 codd.
1010 2005 1087 2025 nom
1101 1994 1134 2024 A
1150 2005 1156 2026 :
1184 2004 1274 2025 nunc
1288 1994 1322 2025 P
1445 2005 1506 2034 795

170 2041 304 2082 eccum]
324 2040 405 2070 illud
422 2039 455 2069 A
478 2040 555 2079 (pro
571 2038 617 2069 illi
629 2039 656 2079 3)
768 2039 832 2079 796
857 2043 893 2069 ut
910 2049 975 2070 om.
998 2038 1032 2069 P
1117 2049 1154 2069 se
1173 2038 1206 2068 P
1286 2038 1370 2077 sort.
1389 2039 1509 2079 integer

170 2089 352 2116 tetrameter
377 2084 436 2114 sed
465 2088 500 2113 ut
528 2087 677 2114 maestus
704 2086 757 2113 est
779 2083 841 2121 (ita
869 2082 974 2123 codd)
1000 2092 1077 2113 sese
1105 2082 1196 2113 hasc’
1219 2093 1342 2112 uenum
1372 2083 1506 2113 dedisse

172 2131 321 2169 797-825
346 2128 429 2158 deest
460 2127 491 2157 A
657 2127 721 2167 798
744 2127 795 2158 vel
819 2127 924 2166 opino
1025 2127 1113 2157 haud
1142 2126 1305 2168 (faciam)
1332 2137 1362 2157 o.
1386 2126 1510 2167 Ussing

172 2174 237 2204 800
254 2172 403 2212 placeret
420 2171 493 2201 PCD
625 2171 733 2209 802-3
750 2171 907 2201 lamnam
923 2171 957 2201 in
974 2169 1029 2201 ΡΑ
1047 2170 1099 2209 (cf
1117 2180 1168 2201 vv.
1190 2171 1310 2209 784—5N
1328 2171 1373 2200 sic
1387 2170 1508 2210 explere

172 2217 259 2247 licet:
292 2217 389 2256 (802)
409 2215 637 2254 supersedere
653 2214 704 2245 vel
722 2225 760 2245 se
776 2215 951 2244 abstinere
966 2212 1074 2252 (Led,
1097 2214 1189 2252 (803)
1208 2214 1326 2244 odiose
1345 2212 1442 2254 (Leo)
1459 2214 1510 2244 vel

171 2261 218 2291 sic
237 2270 311 2291 curn
423 2260 488 2297 804
513 2258 694 2297 hominem,
713 2256 851 2300 (Simo)
866 2256 993 2288 Schoell
1009 2258 1070 2297 (iii.
1090 2263 1125 2287 2)
1145 2258 1336 2298 (septenam)
1440 2258 1506 2288 806

172 2304 362 2344 inspiceren
395 2308 428 2334 te
461 2302 687 2342 (inspicerent
713 2302 798 2338 ΡΟ),
833 2301 1002 2341 inspicere
1035 2305 1067 2331 te
1095 2300 1159 2331 13²³
1185 2301 1287 2331 aedes
1317 2300 1384 2342 [te]
1411 2301 1479 2333 cod.
1497 2313 1504 2333 :

169 2358 248 2380 corr.
268 2347 417 2378 Parcus:
441 2346 609 2386 inspicere
631 2346 694 2376 iste
715 2346 808 2376 aedis
829 2350 862 2376 te
880 2345 1006 2376 Lorenz
1113 2345 1199 2375 belle
1215 2344 1283 2376 cod.
1439 2346 1503 2387 807

170 2392 420 2424 incommodum
438 2395 490 2421 est
507 2389 571 2420 cod.
589 2401 595 2422 :
619 2390 689 2421 tmae'.
710 2389 839 2432 Bentley
971 2388 1036 2420 808
1053 2387 1140 2420 illam
1159 2387 1190 2420 Β
