1747 2740
144 144 214 185 IV.
235 144 269 182 ii
655 142 702 182 T.
733 141 916 182 MACCI
949 140 1153 180 PLAVTI

237 258 316 295 ΤΗ.
350 253 669 307 mere-affari.)
688 255 807 304 atque
827 266 944 304 porro
965 252 1241 303 quaeritemus.
1312 266 1475 304 sequere
1495 252 1571 291 hac
1589 262 1660 298 990

1157 332 1230 356 me.
1289 316 1366 369 (ΡΙ.
1398 317 1568 369 sequor).

174 391 216 422 80
235 389 314 426 ΤΗ.
347 401 476 438 puere,
500 388 630 425 iamne
650 385 764 424 abis?
822 386 923 422 PHA.
946 384 1104 423 libertas
1125 385 1330 435 paenulast
1350 391 1458 434 tergo
1478 390 1570 422 tuo:

236 453 344 500 mihi,
367 452 441 491 nisi
467 460 509 490 ut
535 465 645 491 erum
672 458 847 490 metuam
874 458 912 489 et
937 463 1082 497 curem,
1106 449 1203 488 nihil
1233 457 1291 488 est
1321 448 1389 506 qui
1418 456 1569 499 tergum

1373 521 1566 565 tegam.—

169 651 214 689 iii
549 653 1001 689 THEOPROPIDES
1113 651 1254 688 S1Mo

342 764 421 801 ΤΗ.
456 761 555 801 Perii
577 763 707 800 hercle
725 764 731 799 Ξ
761 760 858 812 quid
880 768 996 811 opust
1022 760 1182 799 uerbis?
1212 768 1254 798 ut
1276 760 1397 799 uerba
1416 759 1548 808 audio,

341 842 421 867 non
443 828 628 878 equidem
650 827 689 865 in
712 828 936 877 Aegyptum
958 825 1050 864 hinc
1072 827 1194 865 modo
1215 834 1353 865 uectus
1374 825 1440 874 sui,

340 895 409 933 sed
431 894 548 933 etiam
570 893 609 931 in
632 901 751 932 terras
773 894 875 931 solas
897 906 1063 942 orasque
1085 893 1256 930 ultumas
1586 899 1652 936 995

340 974 426 998 sum
448 959 747 1005 circumuectus,
772 958 825 997 ita
845 958 912 996 ubi
935 971 1041 996 nunc
1063 956 1136 995 sim
1158 956 1304 997 nescio.

193 1041 210 1071 5
340 1039 476 1063 uerum
498 1024 575 1063 iam
597 1024 723 1071 scibo,
743 1037 835 1062 nam
857 1037 995 1062 eccum
1017 1024 1124 1062 unde
1145 1022 1254 1062 aedis
1276 1023 1377 1062 filius

339 1104 450 1129 meus
471 1090 575 1129 emit.
636 1089 733 1140 quid
753 1089 834 1139 agis
856 1091 930 1127 tu?
987 1090 1041 1127 S1.
1078 1103 1101 1127 a
1121 1090 1206 1127 foro
1223 1088 1367 1128 incedo
1387 1090 1564 1129 domum.

337 1158 417 1195 TH.
450 1155 644 1206 numquid
667 1154 856 1205 processit
876 1155 927 1194 ad
949 1156 1077 1193 forum
1104 1154 1108 1205 Ι
1135 1154 1255 1194 hodie
1276 1155 1404 1194 noui?

339 1223 392 1260 S1.
425 1221 554 1260 etiam.
613 1222 692 1259 ΤΗ.
725 1219 823 1271 quid
853 1221 1047 1259 tandem?
1104 1221 1158 1258 S1.
1190 1219 1271 1259 uidi
1303 1220 1438 1260 ecferri
1467 1235 1566 1261 mor·
1589 1232 1680 1258 1000

1156 1293 1277 1324 tuom.
1337 1287 1418 1325 ΤΗ.
1449 1287 1565 1326 hem!

340 1354 393 1391 S1.
427 1366 576 1392 nouom
598 1365 721 1390 unum
780 1350 861 1390 uidi
884 1358 1082 1390 mortuom
1103 1351 1238 1390 ecferri
1260 1353 1372 1391 foras.

173 1433 214 1456 10
340 1420 462 1457 modo
483 1432 573 1457 eum
595 1417 737 1456 uixisse
757 1416 927 1456 aiebant.
987 1419 1065 1455 ΤΗ.
1098 1430 1171 1456 uae
1191 1416 1309 1467 capiti
1330 1420 1423 1458 tuo!

340 1485 393 1523 S1.
426 1484 522 1534 quid
545 1492 585 1522 tu
609 1483 759 1522 otiosus
783 1496 842 1521 res
866 1496 990 1521 nouas
1014 1482 1250 1533 requiritas?

339 1550 417 1587 Tu.
451 1549 542 1599 quia
563 1549 682 1588 hodie
702 1548 848 1588 adueni
870 1562 1040 1599 peregre.
1102 1550 1156 1587 S1.
1187 1549 1348 1600 promisi
1369 1551 1482 1597 foras,

337 1616 388 1653 ad
410 1628 548 1653 cenam
571 1629 620 1654 ne
642 1629 704 1654 me
726 1622 763 1653 te
785 1628 927 1653 uocare
948 1628 1120 1654 censeas.
1589 1623 1675 1661 1005

338 1681 374 1717 T
379 1692 418 1717 H.
451 1681 528 1718 hau
563 1681 721 1730 postulo
757 1681 910 1730 edepol.
972 1682 1025 1719 SI.
1059 1693 1197 1719 uerum
1231 1693 1326 1728 cras,
1358 1680 1432 1720 nisi
1462 1679 1567 1734 (qui)

1457 1746 1564 1798 prius

173 1821 209 1853 15
339 1810 673 1857 uocauerst-me,
695 1813 758 1849 uel
779 1812 887 1862 apud
909 1819 946 1850 te
968 1825 1174 1851 cenauero.

337 1877 417 1913 ΤΗ.
450 1890 499 1914 ne
521 1876 619 1915 istuc
640 1876 803 1926 quidem
827 1878 968 1927 edepol
991 1879 1160 1928 postulo.
1220 1877 1294 1916 nisi
1315 1877 1412 1929 quid
1433 1877 1556 1930 magis

338 1955 379 1980 cs
400 1949 626 1992 occupatus,
652 1956 811 1992 operam
836 1942 932 1980 mihi
954 1944 1014 1981 da.
1075 1946 1128 1982 S1.
1161 1957 1355 1983 maxume.

271 2056 337 2085 990
361 2057 426 2077 om.
447 2045 479 2075 P
494 2046 640 2086 (propter
656 2047 881 2078 homoroarclt.
899 2049 925 2083 ἲ)
973 2058 1075 2087 pucre
1086 2047 1143 2078 dcl.
1161 2047 1233 2080 Lco.
1252 2051 1289 2077 ut
1299 2058 1338 2078 ex
1351 2058 1380 2079 v.
1390 2058 1438 2088 sq.
1454 2050 1563 2080 aulici-

224 2093 346 2128 patmn
372 2089 428 2130 (iv.
458 2090 495 2129 3)
608 2100 708 2129 porro
737 2092 855 2121 Gocts:
883 2101 990 2130 puero
1018 2092 1085 2122 cod.
1261 2091 1310 2123 Px.
1337 2102 1461 2131 sequor
1485 2093 1562 2124 add.

232 2133 354 2173 Ussing
499 2143 562 2172 992
589 2144 682 2164 erum
713 2140 747 2165 ut
777 2135 809 2165 P
912 2140 1041 2173 tergum
1071 2142 1198 2174 tergam
1223 2135 1256 2165 A
1388 2146 1564 2176 993—1013

227 2175 329 2215 deficit
359 2176 404 2213 A,
441 2177 505 2207 m'm·
534 2177 623 2217 quod
651 2179 700 2208 ln'c
730 2178 793 2208 illic
818 2179 1020 2218 paucissima
1051 2183 1178 2209 servata
1369 2189 1434 2219 993
1459 2181 1563 2211 uerba

230 2219 463 2251 Camerarius:
490 2221 631 2251 uerbera
653 2221 719 2252 cod.
745 2228 791 2259 (v.
816 2222 851 2261 8)
985 2224 1051 2261 996
1075 2223 1199 2253 circum
1221 2228 1344 2254 uentus
1365 2223 1431 2255 cod.
1450 2235 1457 2254 ε
1481 2234 1559 2255 corr.

227 2261 357 2292 ΜωίιΙα
517 2266 582 2303 998
607 2265 679 2304 agis
704 2264 838 2295 Aldus:
862 2266 910 2295 ais
937 2266 1004 2297 cod.
1141 2276 1207 2305 999
1230 2265 1330 2309 (hic)
1354 2267 1409 2298 ho.
1438 2267 1567 2298 Ritschl

234 2317 316 2337 1002
344 2318 406 2337 uae
431 2306 496 2339 132:
532 2314 610 2339 tuae
635 2309 702 2340 cod.
840 2319 920 2350 1003
945 2316 977 2340 tu
1006 2311 1155 2343 Merula:
1193 2319 1226 2343 tu
1254 2312 1321 2355 [ut]
1349 2313 1416 2345 cod.
1443 2315 1499 2355 (iv.
1527 2316 1562 2354 3)

234 2361 313 2389 ¹005
338 2356 371 2381 te
389 2351 462 2382 Ital.
485 2363 491 2381 z
516 2357 570 2382 tue
594 2352 659 2383 cod.
680 2353 735 2392 (iv.
754 2354 787 2392 3)
884 2356 966 2385 1006
990 2357 1065 2394 quis
1081 2355 1155 2386 add.
1179 2356 1390 2388 Camerarius
1482 2360 1564 2389 1008

231 2394 293 2425 iste
310 2395 341 2425 P
356 2403 447 2435 geom:
470 2395 530 2435 3²)
671 2406 753 2435 1009
778 2407 814 2428 cs
831 2408 896 2428 om.
918 2399 950 2427 Α
