1747 2740
151 114 227 153 ΙΙΙ.
251 115 296 153 iii
663 115 711 154 T.
744 115 926 156 MACCI
958 115 1163 155 PLAVTI

252 228 315 265 uel
337 225 432 264 mihi
453 228 723 273 denumerato‚
747 239 820 276 ego
841 226 894 264 illi
915 239 1031 277 porro
1052 229 1376 268 denumerauero.

252 293 332 330 ΤΗ.
363 301 401 330 at
423 291 528 331 enim
551 305 601 331 ne
622 291 719 342 quid
740 291 912 342 captioni
935 292 1030 330 mihi
1051 292 1111 340 sit,
1134 293 1166 332 si
1186 294 1365 334 dederim
1386 294 1468 335 tibi.

194 367 234 390 20
253 358 328 395 ΤΗ.
361 370 487 408 egone
508 365 545 395 te
567 356 698 396 ioculo
720 357 842 395 modo
861 356 988 395 ausim
1009 357 1118 397 dicto
1137 366 1205 398 aut
1225 360 1330 399 facto
1350 361 1483 400 fallere
1496 361 1515 399 ?

252 423 331 460 ΤΗ.
364 435 489 472 egone
503 435 572 471 aps
591 429 628 460 te
641 421 768 460 ausim
785 434 865 459 non
883 434 1032 469 cauere,
1051 422 1092 460 ni
1108 423 1205 473 quid
1221 424 1468 464 committam
1484 425 1586 465 tibi?

251 488 327 525 TR.
360 486 453 536 quia
480 486 550 525 tibi
578 499 769 537 umquam
797 486 1022 537 quicquam,
1046 496 1258 539 postquam
1279 491 1359 528 tuo'
1379 503 1482 538 sum,
1501 504 1585 529 uer·
1602 502 1669 538 925

1299 553 1440 593 borum
1461 554 1586 593 dedi?

249 618 329 655 ΤΗ.
362 630 435 667 ego
467 616 571 655 enim
608 615 695 655 caui
730 624 858 655 recte:
901 630 988 656 eam
1019 616 1080 657 dis
1108 618 1272 669 gratiam
1301 627 1421 670 atque
1448 620 1585 660 animo

1470 688 1584 724 meo!

250 754 308 786 sat
329 746 440 797 sapio
460 746 492 784 si
512 760 582 797 aps
604 753 641 784 te
662 747 784 785 modo
805 760 886 785 uno
906 760 1040 786 caueo.
1100 749 1176 786 TR.
1209 755 1340 787 tecum
1361 748 1502 789 sentio.

191 822 230 855 25
251 814 330 851 ΤΗ.
363 826 468 851 nunc
499 812 564 851 abi
596 814 674 860 ruS,
704 812 768 851 dic
796 826 860 852 me
886 812 1097 852 aduenisse
1120 813 1211 852 filio.
1271 815 1348 852 TR.
1379 814 1520 853 faciam
1542 823 1584 855 ut

1456 879 1580 919 iubes.

248 945 326 982 ΤΗ.
373 943 567 983 curriculo
605 943 697 982 iube
736 942 775 981 in
815 943 953 982 urbem
992 943 1127 983 ueniat
1164 943 1242 982 iam
1282 944 1398 983 simul
1436 952 1580 984 tecum.
1600 956 1737 992 929-30

1370 1011 1447 1049 ΤΗ.
1479 1010 1581 1050 licet.

249 1088 356 1113 nunc
376 1088 449 1125 ego
471 1088 534 1113 me
555 1074 643 1113 illac
665 1088 733 1125 per
755 1073 950 1124 posticum
972 1075 1023 1113 ad
1044 1088 1307 1125 congerrones
1328 1077 1541 1114 conferam.

249 1140 379 1179 dicam
404 1148 446 1178 ut
462 1139 526 1178 hic
540 1153 599 1179 res
616 1139 692 1178 sint
709 1139 866 1190 quietae
881 1147 1001 1190 atque
1014 1141 1121 1179 hunc
1134 1148 1177 1178 ut
1193 1140 1286 1179 hinc
1299 1140 1586 1180 amouerim.—

112 1257 234 1295 IV.ii
282 1259 605 1295 PHAlecvs
716 1257 1166 1294 THEOPROPIDES
1278 1258 1567 1295 PINACIVM

193 1336 355 1371 21PHA.
390 1332 470 1371 Hic
505 1332 667 1382 quidem
709 1331 839 1382 neque
878 1331 1139 1370 conuiuarum
1177 1331 1329 1371 sonitus
1368 1331 1505 1371 itidem
1543 1340 1587 1371 ut

764 1388 766 1391 ἵ
1311 1399 1479 1437 antehac
1500 1397 1583 1446 fuit,

249 1478 379 1515 neque
401 1463 604 1503 tibicinam
627 1470 853 1502 cantantem
875 1476 1006 1513 neque
1026 1463 1147 1501 aliurn
1169 1476 1411 1513 quemquam
1430 1463 1562 1503 audio.

248 1532 328 1568 ΤΗ.
360 1529 462 1580 quae
493 1529 605 1568 illaec
637 1540 697 1567 res
732 1530 819 1567 est?
887 1528 984 1579 quid
1018 1528 1140 1568 illisce
1174 1528 1356 1568 homines
1390 1536 1584 1579 quaerunt
1603 1538 1670 1576 935

1190 1595 1298 1644 apud
1317 1593 1427 1633 aedis
1447 1596 1586 1633 meas?

247 1661 344 1712 quid
379 1661 548 1700 uolunt?
583 1659 679 1711 quid
710 1659 812 1698 intro
844 1660 1054 1710 spectant?
1111 1661 1214 1698 ΡΗΑ.
1245 1672 1404 1710 pergam
1433 1660 1586 1710 pultare

1423 1723 1581 1763 ostium.

192 1802 226 1833 25
248 1792 357 1839 heus,
393 1791 563 1837 reclude,
602 1792 714 1839 heus,
748 1790 906 1837 Tranio,
941 1790 1113 1830 etiamne
1146 1789 1303 1841 aperis?
1369 1790 1448 1828 ΤΗ.
1480 1789 1583 1840 quae'

1225 1857 1323 1894 haec
1344 1863 1402 1894 est
1422 1855 1584 1894 fabula?

250 1923 350 1960 ΡΗΛ.
384 1921 555 1960 etiamne
577 1920 733 1972 aperis?
791 1920 1042 1960 Callidamati
1068 1928 1203 1959 nostro
1234 1921 1447 1960 aduorsum
1478 1919 1584 1958 ueni-

1481 1997 1579 2023 mus.

289 2102 352 2129 022
379 2093 547 2131 captionis
572 2092 705 2132 chpert
808 2091 851 2121 sit
876 2089 938 2120 3²:
965 2091 1024 2120 sed
1047 2090 1084 2123 Ρ,
1104 2090 1136 2119 Α
1157 2101 1187 2121 n.
1211 2089 1234 2120 I.
1365 2099 1430 2128 923
1456 2089 1529 2128 ioco
1546 2089 1579 2119 A

245 2146 308 2174 925
333 2136 414 2175 quid
439 2136 542 2166 Bothe
654 2135 737 2165 tibin
763 2133 925 2165 Schrader
1054 2135 1118 2172 926
1143 2133 1241 2163 dehis
1264 2131 1298 2162 P
1320 2133 1370 2172 (cf
1394 2122 1462 2171 563*
1483 2122 1582 2163 dehis

240 2185 302 2218 pro
315 2180 379 2211 dis)
400 2180 474 2210 :bis
491 2179 630 2220 (veldisi
647 2179 701 2208 Α
702 2178 818 2213 (lass.
834 2176 911 2207 Rev.
931 2188 976 2212 ιο,
992 2187 1071 2216 333
1141 2188 1214 2207 carn
1233 2176 1338 2207 ambis
1349 2186 1399 2215 gr.
1413 2174 1579 2206 ²Scl10clls

246 2233 318 2252 eam
332 2204 410 2253 mihi
429 2225 490 2253 des
507 2234 554 2262 gr.
573 2221 639 2253 Lco
760 2222 825 2259 928
841 2221 891 2251 abi
910 2220 966 2261 [i]
984 2221 1015 2251 P
1097 2228 1131 2251 ut
1150 2221 1246 2251 uoles
1259 2220 1291 2251 Ρ
1303 2222 1398 2260 (ἔρνη
1415 2220 1462 2250 uti
1480 2220 1578 2250 ubesi

245 2276 321 2305 929.
334 2276 398 2305 930
419 2267 508 2308 [ubi]
528 2267 604 2296 iube
623 2267 651 2296 P
662 2267 721 2301 (iv.
735 2268 770 2304 3)
859 2275 923 2304 932
942 2264 1011 2305 hic]
1030 2264 1106 2294 hinc
1119 2265 1251 2303 A,for!.
1267 2268 1342 2294 recte·
1406 2264 1580 2303 quaesitae

246 2310 278 2339 .1
394 2316 427 2340 ut
447 2311 536 2341 hune
555 2311 632 2340 hinc
649 2309 702 2340 P
698 2315 774 2350 pro
791 2308 836 2339 uti
859 2309 889 2340 h.
911 2309 982 2348 }1.²)
1137 2318 1202 2347 933
1227 2308 1401 2347 rhythmus
1415 2311 1581 2347 suspectus

247 2354 324 2384 item
347 2354 447 2384 I31·›tl10
558 2354 668 2385 veluti
837 2361 901 2391 935
927 2363 974 2382 in
971 2352 1036 2393 ns]
1057 2358 1109 2382 me
1130 2362 1229 2389 *anem
1249 2351 1337 2389 pen)
1355 2350 1389 2381 Ρ
1404 2361 1499 2389 gcorr.
1517 2350 1580 2389 8²)

247 2399 282 2437 (i.
296 2408 320 2428 c.
341 2408 444 2431 meas)
562 2398 626 2437 936
651 2397 771 2437 pultari
789 2396 822 2427 P
837 2398 931 2437 (con.
950 2395 995 2426 32
1001 2419 1009 2434 ¹,
1122 2405 1186 2436 937
1213 2395 1313 2426 etiam
1330 2393 1363 2425 P
1378 2405 1459 2436 gom.
1484 2395 1557 2434 ·ne)
