1747 2740
614 144 785 183 MILES
817 143 1132 182 GLORIOSVS
1565 139 1618 178 Ii.
1641 138 1670 176 ii

1302 226 1323 233 J

209 260 277 298 PA.
310 270 417 296 nunc
438 255 493 294 sic
514 254 706 293 rationem
729 253 929 303 incipisso,
953 252 1056 290 hanc
1078 250 1277 290 instituam
1300 248 1496 296 astutiam,

207 331 251 363 ut
272 320 563 361 Philocomasio
585 321 687 358 hanc
708 332 882 357 sororem
903 317 1102 368 geminam
1123 329 1348 366 germanam
1370 316 1530 353 alteram
1564 317 1604 357 85

209 387 338 428 dicam
360 385 528 425 Athenis
548 384 759 424 aduenisse
780 387 872 422 cum
893 391 1067 421 amatore
1088 381 1221 431 aliquo
1242 395 1325 428 suo,

123 468 190 502 240
208 461 288 492 tam
328 451 496 491 similem
535 464 654 501 quam
695 451 796 488 lacte
835 448 962 487 lactist
978 463 988 496 3
1035 448 1142 498 apud
1175 445 1248 498 (te)
1281 459 1348 484 eos
1382 447 1447 484 hic
1481 446 1546 484 de-

1401 509 1546 549 uortier

208 583 338 623 dicam
368 581 552 633 hospitio.
614 583 682 619 PE.
716 594 839 631 eugae
867 593 1001 630 eugae,
1031 577 1174 629 lepide,
1197 579 1317 616 laudo
1347 589 1547 615 commen-

1305 652 1389 682 tum
1411 650 1521 680 tuom
1540 644 1546 679 i

209 719 277 756 ΡΑ.
311 725 353 755 ut
373 715 406 754 si
426 715 504 754 illic
527 714 835 754 concriminatus
858 713 907 752 sit
927 715 1142 752 aduorsum
1165 711 1329 750 militem

209 783 311 820 meu’
332 794 558 828 conseruos,
582 794 669 819 eam
692 779 839 818 uidisse
861 779 925 817 hic
947 792 1037 816 cum
1061 778 1191 816 alieno
1212 774 1393 822 osculari,
1414 787 1501 812 eam
1569 787 1611 818 90

208 861 368 898 arguam
390 846 538 886 uidisse
558 847 665 896 apud
688 854 726 883 te
747 853 884 883 contra
906 856 1142 882 conseruom
1165 855 1298 880 meum

123 928 188 965 245
210 926 300 952 cum
340 925 412 951 suo
450 919 625 950 amatore
665 912 956 960 amplexantem
1000 917 1119 958 atque
1158 908 1415 945 osculantem.
1477 906 1546 942 PE.

1214 972 1338 1010 immo
1360 972 1548 1020 optume!

209 1043 315 1083 idem
343 1057 417 1094 ego
445 1043 576 1082 dicam
604 1043 635 1081 si
655 1041 738 1095 (ex)
758 1056 822 1081 me
843 1041 1019 1092 exquiret
1047 1041 1168 1079 miles.
1231 1041 1299 1076 ΡΑ.
1332 1039 1402 1076 sed
1432 1036 1548 1075 simil-

1435 1103 1548 1140 limas

209 1174 332 1213 dicito
352 1188 448 1222 esse,
472 1182 511 1213 et
532 1173 827 1213 Philocomasio
848 1173 889 1212 id
911 1172 1235 1224 praecipiendum
1250 1178 1308 1209 est
1329 1177 1371 1207 ut
1392 1168 1502 1215 sciat,

210 1253 261 1278 ne
295 1239 437 1278 titubet
472 1239 503 1277 si
536 1238 750 1291 ixex)quiret
783 1252 830 1277 ex
865 1252 911 1276 ea
946 1239 1068 1276 miles.
1140 1238 1209 1274 PE.
1243 1235 1350 1273 nimi’
1384 1235 1545 1273 doctum
1568 1247 1609 1278 95

1386 1301 1522 1339 dolum
1542 1302 1548 1337 1

212 1373 283 1411 sed
303 1371 335 1410 si
355 1372 493 1410 ambas
514 1371 650 1410 uidere
671 1370 711 1408 in
733 1385 814 1410 uno
836 1370 948 1409 miles
971 1369 1141 1408 concilio
1162 1370 1280 1415 uolet,

125 1450 194 1487 250
212 1436 309 1487 quid
324 1437 506 1488 agimus?
564 1439 632 1474 ΡΑ.
667 1436 817 1475 facilest
835 1451 841 1474 :
872 1444 1071 1475 trecentae
1088 1442 1254 1486 possunt
1276 1446 1437 1472 caussae
1458 1446 1550 1470 con-

1460 1497 1550 1548 ligi:

214 1571 317 1607 ‘non
339 1568 496 1615 domist,
520 1568 615 1606 zibiit
637 1568 896 1614 ambulatum,
921 1567 1076 1614 dormit,
1102 1574 1272 1613 ornatur,
1295 1567 1414 1612 lauat,

210 1635 390 1684 prandet,
411 1641 521 1684 potat
539 1648 545 1671 :
576 1641 820 1683 occupatast,
842 1647 985 1683 operae
1006 1646 1086 1670 non
1109 1640 1177 1679 est,
1202 1645 1282 1669 non
1303 1631 1458 1680 potest,'

209 1707 403 1750 quantum
425 1699 484 1737 uis
506 1698 747 1749 prolationis,
772 1699 868 1736 dum
892 1699 1013 1736 modo
1035 1699 1141 1736 hunc
1163 1696 1288 1747 prima
1307 1696 1372 1734 uia
1570 1708 1631 1730 100

210 1764 445 1804 inducamus
467 1778 559 1802 ucra
580 1771 622 1802 ut
642 1777 727 1802 esse
748 1764 881 1802 credat
902 1777 1004 1813 quae
1025 1762 1264 1801 mentibitur.

255 1879 316 1908 237
342 1868 537 1907 incipissom
555 1867 619 1898 cod.
648 1867 815 1899 *coa-123²*
960 1869 1023 1897 208
1049 1866 1347 1907 philochomasiom
1373 1864 1438 1896 cod.
1466 1865 1547 1903 (sac-

207 1913 344 1954 pt'ssime
355 1918 415 1953 per
425 1911 673 1951 lmncsultztlam
690 1923 759 1942 -om
774 1917 836 1951 pro
852 1922 886 1941 —o
904 1913 1078 1953 scn'ptmnl
1159 1911 1222 1940 huc
1240 1910 1369 1940 Ritschl
1442 1909 1548 1939 altera

212 1956 278 1987 cod.
296 1966 390 1996 gcorr.
409 1956 470 1994 ΒΖ)
606 1966 670 1995 239
694 1956 911 1986 aduenissaet
930 1966 958 1987 c.
977 1955 1043 1986 cod.
1068 1965 1158 1984 ⁴:017:
1178 1954 1211 1984 Β
1239 1975 1240 1979 ,
1261 1956 1312 1993 (et
1331 1959 1394 1993 pro
1417 1963 1478 1991 ec;
1502 1953 1544 1990 vi,

211 2010 243 2040 p.
268 2000 328 2040 85)
432 2004 616 2030 amatorem
634 1999 702 2030 cod.
733 2001 825 2040 (corr.
843 1998 907 2037 132)
1013 1999 1127 2038 aliquo
1143 1998 1190 2028 Β2
1206 2010 1212 2028 :
1239 1997 1363 2037 aliquid
1381 2002 1462 2036 quot
1479 1996 1544 2026 cod.

212 2044 269 2083 (iv.
288 2046 322 2083 3)
480 2054 544 2082 240
568 2049 636 2074 tum
655 2042 720 2073 cod.
744 2045 834 2073 (corr.
854 2042 916 2072 Β-’Ἲ
1041 2053 1140 2082 quam
1159 2042 1246 2072 lacte
1266 2041 1431 2081 (zvcllact’)
1450 2039 1525 2071 Ital.
1542 2051 1548 2069 :

212 2097 311 2127 quam
328 2087 378 2118 lac
394 2086 457 2119 32:
481 2092 547 2117 tam
565 2094 644 2124 (om.
659 2087 694 2118 Li
710 2086 775 2117 cod.
869 2087 918 2116 vel
931 2085 1051 2117 lactest
1143 2091 1176 2116 te
1193 2085 1268 2116 add.
1287 2085 1361 2115 Ital.
1485 2094 1548 2122 243

213 2141 286 2162 eam
308 2142 338 2162 u.
358 2131 511 2161 Merula:
536 2141 611 2161 eum
637 2142 666 2161 u.
697 2129 760 2161 cod.
871 2141 931 2169 244
959 2130 1101 2160 uidisset
1120 2130 1185 2160 cod.
1208 2127 1377 2167 (c01·r.B'-')
1484 2137 1548 2166 245

213 2179 397 2205 amatorem
419 2174 484 2205 cod.
514 2176 606 2211 (corr.
626 2174 687 2214 B‘ss)
806 2174 907 2204 immo
932 2174 1080 2213 Henllqv:
1110 2174 1210 2203 imino
1235 2174 1302 2214 [ut]
1325 2172 1389 2203 cod.
1416 2173 1466 2211 (cf.
1489 2177 1547 2210 91)

214 2220 279 2257 246
303 2229 346 2248 ex
363 2218 438 2249 add.
464 2218 590 2248 R1'tscl1l
721 2228 782 2257 247
809 2222 897 2247 esset
925 2219 992 2254 (-sc
1019 2217 1085 2257 3²)
1104 2222 1137 2247 et
1158 2217 1221 2247 cod.
1315 2216 1547 2255 recipiendum

214 2262 279 2293 cod.
295 2274 302 2293 ε
318 2273 395 2293 corr.
418 2262 501 2292 Pius
643 2262 706 2300 248
730 2262 885 2301 exquiret
903 2261 1044 2293 Rstsclfl:
1071 2261 1179 2300 quiret
1197 2260 1262 2292 cod.
1279 2272 1284 2292 :
1314 2266 1435 2300 queret
1460 2260 1494 2299 (i.
1521 2270 1544 2289 ι’.

213 2306 369 2346 quaeret)
394 2306 440 2336 Β2
559 2315 622 2344 249
646 2304 761 2336 accedit
783 2305 815 2334 A
910 2306 1006 2335 miles
1032 2305 1064 2335 in
1090 2315 1157 2345 uuo
1175 2315 1202 2335 c.
1229 2305 1311 2344 uelit
1334 2304 1367 2334 A

215 2355 402 2381 trecentem
427 2349 459 2380 P
473 2350 567 2390 (corr.
585 2348 650 2382 3²)
743 2349 861 2379 conlici
879 2348 912 2378 P
1018 2359 1075 2387 25ι
1104 2349 1234 2378 velabit
1251 2348 1311 2389 (ita
1328 2348 1377 2389 A)

215 2404 262 2433 pr.
282 2399 394 2434 potest
409 2393 439 2423 Ρ
460 2395 552 2432 (corr.
570 2393 630 2422 Bu
768 2403 830 2432 253
856 2393 884 2423 is
897 2393 929 2423 Ι)
1024 2392 1250 2431 prolatiouum
1280 2392 1313 2422 P
1402 2401 1489 2421 nunc
1518 2390 1550 2420 P

214 2447 276 2477 254
301 2437 520 2468 mcntibimur
537 2436 600 2467 3²:
627 2436 809 2467 mentibitis
825 2436 935 2467 Ilavrt
952 2435 1024 2475 used
1037 2436 1072 2475 1J‘2
1093 2435 1140 2466 ml
1154 2437 1209 2476 24)
1226 2447 1232 2467 ε
1249 2436 1328 2476 sort.
1348 2434 1433 2477 (ea)
1451 2445 1492 2465 m.

1485 2312 1548 2340 250

1484 2357 1547 2385 252
