1747 2740
437 128 1129 191 TRVCVLENTVS

519 394 1053 443 ARGVMENTVM

272 527 373 567 Tres
403 542 523 567 unam
554 537 720 579 pereunt
750 530 1027 568 adulescentes
1060 528 1275 577 mulierem,

272 594 384 633 Rure
414 608 530 642 unus,
559 596 656 633 alter
686 595 793 643 urbe,
827 608 987 645 peregre
1018 593 1179 641 tertius;

272 660 410 711 thue
439 660 512 699 ista
542 659 691 711 ingenti
723 660 887 699 militem
921 667 1054 710 tangat
1086 660 1190 707 bolo,

272 726 386 765 Clam
417 725 491 765 sibi
522 725 730 776 supposuit
761 725 1010 765 clandestino
1041 725 1204 764 editum.

281 788 327 830 Vi
358 805 499 842 magna
529 805 661 830 servos
691 798 749 830 est
778 804 825 830 ac
855 791 1031 830 trucibus
1063 790 1249 838 moribus,

271 857 410 908 Lupae
440 857 480 895 ni
510 856 663 908 rapiant
693 856 846 896 domini
877 856 1160 907 parsimoniam
1177 872 1186 904 ;

271 923 324 961 Et
353 923 385 961 is
415 931 549 961 tamen
580 922 763 961 mollitur.
826 922 937 961 miles
967 923 1128 961 advenit

272 988 444 1039 Natique
474 1002 592 1027 causa
622 989 689 1027 dat
720 1001 916 1039 propensa
947 1001 1120 1026 munera.

272 1053 458 1092 Tandem
488 1067 738 1104 compressae
768 1061 879 1103 pater
909 1053 1113 1104 cognoscit
1143 1054 1288 1101 omnia,

273 1118 410 1169 thue
440 1119 545 1157 illam
577 1120 697 1157 ducat
726 1119 794 1169 qui
825 1118 976 1157 vitiarat
1007 1119 1204 1167 convenit,

273 1184 486 1235 Suomque
517 1184 548 1222 is
578 1184 718 1235 repetit
746 1198 770 1222 a
800 1184 1003 1223 meretrice
1033 1184 1248 1223 subditum.

154 1299 173 1328 5
198 1294 230 1320 at
247 1288 402 1320 crucibus
421 1289 492 1327 (tr-N
512 1287 576 1320 cod.
594 1301 600 1320 ς
627 1299 705 1319 com:
726 1287 800 1319 Ital.
895 1287 1057 1318 imoribus
1074 1287 1107 1317 Β
1238 1289 1259 1317 6
1285 1288 1399 1327 Lupae
1418 1289 1450 1318 ni

109 1332 274 1371 Pylades:
312 1333 376 1363 Lut
396 1332 441 1373 (It
461 1331 549 1371 PCD)
576 1333 676 1372 poeni
699 1331 764 1362 cod.
859 1332 1064 1371 parsimonia
1090 1331 1123 1361 Β
1252 1342 1273 1371 9
1295 1332 1449 1363 Tandem

110 1376 183 1408 Ital.
201 1388 208 1408 :
233 1376 361 1407 Tamen
379 1375 444 1408 cod.
466 1376 536 1417 (vii.
553 1378 588 1418 2)
727 1385 767 1406 10
791 1375 881 1406 illam
901 1375 1116 1406 Camerarius
1133 1387 1139 1406 ε
1164 1374 1254 1406 litam
1272 1375 1336 1407 cod.
