<?xml version="1.0" encoding="UTF-8"?>
<!DOCTYPE html PUBLIC "-//W3C//DTD XHTML 1.0 Transitional//EN"
    "http://www.w3.org/TR/xhtml1/DTD/xhtml1-transitional.dtd">
<html xmlns="http://www.w3.org/1999/xhtml" xml:lang="en" lang="en">
 <head>
  <title>
</title>
<meta http-equiv="Content-Type" content="text/html;charset=utf-8" />
  <meta name='ocr-system' content='tesseract 3.04.00' />
  <meta name='ocr-capabilities' content='ocr_page ocr_carea ocr_par ocr_line ocrx_word'/>
</head>
<body>
  <div class='ocr_page' id='page_1' title='image "./comoediaerecogno02plau_0119.png"; bbox 0 0 1747 2740; ppageno 0'>
   <div class='ocr_carea' id='block_1_1' title="bbox 627 120 1522 159">
    <p class='ocr_par' dir='ltr' id='par_1_1' title="bbox 627 120 1522 159">
     <span class='ocr_line' id='line_1_1' title="bbox 627 120 1522 159; baseline 0.001 -1"><span class='ocrx_word' id='word_1_1' title='bbox 627 120 1035 159; x_wconf 89' lang='lat' dir='ltr'><strong>MOSTELLARIA</strong></span> <span class='ocrx_word' id='word_1_2' title='bbox 1433 123 1485 159; x_wconf 86' lang='lat' dir='ltr'>II.</span> <span class='ocrx_word' id='word_1_3' title='bbox 1508 121 1522 158; x_wconf 91' lang='lat' dir='ltr'>i</span> 
     </span>
    </p>
   </div>
   <div class='ocr_carea' id='block_1_2' title="bbox 60 231 1550 2055">
    <p class='ocr_par' dir='ltr' id='par_1_2' title="bbox 60 231 1550 2055">
     <span class='ocr_line' id='line_1_2' title="bbox 150 231 1550 283; baseline -0.001 -10"><span class='ocrx_word' id='word_1_4' title='bbox 150 232 243 273; x_wconf 87' lang='lat' dir='ltr'>iube</span> <span class='ocrx_word' id='word_1_5' title='bbox 261 233 369 272; x_wconf 81' lang='lat' dir='ltr'>abire</span> <span class='ocrx_word' id='word_1_6' title='bbox 389 246 535 271; x_wconf 86' lang='lat' dir='ltr'>rusum.</span> <span class='ocrx_word' id='word_1_7' title='bbox 595 231 691 282; x_wconf 86' lang='lat' dir='ltr'>quid</span> <span class='ocrx_word' id='word_1_8' title='bbox 713 231 766 270; x_wconf 91' lang='lat' dir='ltr'>illi</span> <span class='ocrx_word' id='word_1_9' title='bbox 788 231 929 270; x_wconf 79' lang='lat' dir='ltr'>reditio</span> <span class='ocrx_word' id='word_1_10' title='bbox 957 231 961 283; x_wconf 88' lang='grc' dir='ltr'>Ι</span> <span class='ocrx_word' id='word_1_11' title='bbox 987 232 1104 270; x_wconf 83' lang='lat' dir='ltr'>etiarn</span> <span class='ocrx_word' id='word_1_12' title='bbox 1127 233 1204 270; x_wconf 85' lang='lat' dir='ltr'>huc</span> <span class='ocrx_word' id='word_1_13' title='bbox 1226 232 1327 271; x_wconf 79' lang='lat' dir='ltr'>fuit?</span> <span class='ocrx_word' id='word_1_14' title='bbox 1510 249 1550 280; x_wconf 87' lang='lat'>30</span> 
     </span>
     <span class='ocr_line' id='line_1_3' title="bbox 153 297 1489 349; baseline 0 -12"><span class='ocrx_word' id='word_1_15' title='bbox 153 301 324 338; x_wconf 81' lang='lat' dir='ltr'>PfflLOL.</span> <span class='ocrx_word' id='word_1_16' title='bbox 356 298 453 349; x_wconf 87' lang='lat' dir='ltr'>quid</span> <span class='ocrx_word' id='word_1_17' title='bbox 477 312 550 348; x_wconf 74' lang='lat' dir='ltr'>ego</span> <span class='ocrx_word' id='word_1_18' title='bbox 576 299 721 348; x_wconf 82' lang='lat' dir='ltr'>agam?</span> <span class='ocrx_word' id='word_1_19' title='bbox 750 305 860 348; x_wconf 80' lang='lat' dir='ltr'>pater</span> <span class='ocrx_word' id='word_1_20' title='bbox 887 297 963 335; x_wconf 80' lang='lat' dir='ltr'>iam</span> <span class='ocrx_word' id='word_1_21' title='bbox 992 299 1056 336; x_wconf 77' lang='lat' dir='ltr'>hic</span> <span class='ocrx_word' id='word_1_22' title='bbox 1085 312 1147 337; x_wconf 84' lang='lat' dir='ltr'>mc</span> <span class='ocrx_word' id='word_1_23' title='bbox 1175 299 1350 337; x_wconf 81' lang='lat' dir='ltr'>offendet</span> <span class='ocrx_word' id='word_1_24' title='bbox 1378 298 1489 337; x_wconf 83' lang='lat' dir='ltr'>mise-</span> 
     </span>
     <span class='ocr_line' id='line_1_4' title="bbox 977 363 1488 411; baseline 0.002 -10"><span class='ocrx_word' id='word_1_25' title='bbox 977 377 1062 401; x_wconf 86' lang='lat' dir='ltr'>rum</span> <span class='ocrx_word' id='word_1_26' title='bbox 1083 363 1301 402; x_wconf 77' lang='lat' dir='ltr'>adueniens</span> <span class='ocrx_word' id='word_1_27' title='bbox 1323 364 1488 411; x_wconf 80' lang='lat' dir='ltr'>ebrium,</span> 
     </span>
     <span class='ocr_line' id='line_1_5' title="bbox 150 428 1449 481; baseline -0.001 -12"><span class='ocrx_word' id='word_1_28' title='bbox 150 430 259 470; x_wconf 81' lang='lat' dir='ltr'>aedis</span> <span class='ocrx_word' id='word_1_29' title='bbox 280 432 416 481; x_wconf 78' lang='lat' dir='ltr'>plenas</span> <span class='ocrx_word' id='word_1_30' title='bbox 437 429 698 468; x_wconf 82' lang='lat' dir='ltr'>conuiuarum</span> <span class='ocrx_word' id='word_1_31' title='bbox 720 436 758 467; x_wconf 78' lang='lat' dir='ltr'>et</span> <span class='ocrx_word' id='word_1_32' title='bbox 780 428 1000 467; x_wconf 76' lang='lat' dir='ltr'>mulierum.</span> <span class='ocrx_word' id='word_1_33' title='bbox 1062 428 1247 467; x_wconf 76' lang='lat' dir='ltr'>miserum</span> <span class='ocrx_word' id='word_1_34' title='bbox 1270 436 1328 467; x_wconf 85' lang='lat' dir='ltr'>est</span> <span class='ocrx_word' id='word_1_35' title='bbox 1349 443 1449 479; x_wconf 81' lang='lat' dir='ltr'>opus</span> 
     </span>
     <span class='ocr_line' id='line_1_6' title="bbox 64 493 1296 546; baseline -0.002 -11"><span class='ocrx_word' id='word_1_36' title='bbox 64 501 133 544; x_wconf 85' lang='lat'>380</span> <span class='ocrx_word' id='word_1_37' title='bbox 151 496 266 546; x_wconf 89' lang='lat' dir='ltr'>igitur</span> <span class='ocrx_word' id='word_1_38' title='bbox 285 497 448 534; x_wconf 88' lang='lat' dir='ltr'>demum</span> <span class='ocrx_word' id='word_1_39' title='bbox 469 496 604 533; x_wconf 78' lang='lat' dir='ltr'><strong>fodere</strong></span> <span class='ocrx_word' id='word_1_40' title='bbox 625 502 801 544; x_wconf 85' lang='lat' dir='ltr'>puteum,</span> <span class='ocrx_word' id='word_1_41' title='bbox 826 494 894 533; x_wconf 63' lang='lat' dir='ltr'>tibi</span> <span class='ocrx_word' id='word_1_42' title='bbox 916 494 997 532; x_wconf 79' lang='lat' dir='ltr'>sitis</span> <span class='ocrx_word' id='word_1_43' title='bbox 1020 493 1142 533; x_wconf 78' lang='lat' dir='ltr'>faucis</span> <span class='ocrx_word' id='word_1_44' title='bbox 1164 501 1296 542; x_wconf 84' lang='lat' dir='ltr'>tenct;</span> 
     </span>
     <span class='ocr_line' id='line_1_7' title="bbox 150 560 1404 611; baseline -0.001 -11"><span class='ocrx_word' id='word_1_45' title='bbox 150 561 251 600; x_wconf 88' lang='lat' dir='ltr'>sicut</span> <span class='ocrx_word' id='word_1_46' title='bbox 271 575 344 611; x_wconf 90' lang='lat' dir='ltr'>ego</span> <span class='ocrx_word' id='word_1_47' title='bbox 363 562 540 600; x_wconf 81' lang='lat' dir='ltr'>aduentu</span> <span class='ocrx_word' id='word_1_48' title='bbox 560 560 679 610; x_wconf 85' lang='lat' dir='ltr'>patris</span> <span class='ocrx_word' id='word_1_49' title='bbox 701 573 808 598; x_wconf 89' lang='lat' dir='ltr'>nunc</span> <span class='ocrx_word' id='word_1_50' title='bbox 829 574 976 610; x_wconf 83' lang='lat' dir='ltr'>quaero</span> <span class='ocrx_word' id='word_1_51' title='bbox 998 560 1093 610; x_wconf 85' lang='lat' dir='ltr'>quid</span> <span class='ocrx_word' id='word_1_52' title='bbox 1115 560 1255 598; x_wconf 80' lang='lat' dir='ltr'>faciam</span> <span class='ocrx_word' id='word_1_53' title='bbox 1277 560 1404 600; x_wconf 82' lang='lat' dir='ltr'>miser.</span> 
     </span>
     <span class='ocr_line' id='line_1_8' title="bbox 150 624 1549 678; baseline -0.001 -13"><span class='ocrx_word' id='word_1_54' title='bbox 150 629 226 665; x_wconf 88' lang='lat' dir='ltr'>TR.</span> <span class='ocrx_word' id='word_1_55' title='bbox 259 624 428 678; x_wconf 78' lang='lat' dir='ltr'>ecce&lt;re)</span> <span class='ocrx_word' id='word_1_56' title='bbox 446 633 579 663; x_wconf 83' lang='lat' dir='ltr'>autem</span> <span class='ocrx_word' id='word_1_57' title='bbox 601 625 665 663; x_wconf 85' lang='lat' dir='ltr'>hic</span> <span class='ocrx_word' id='word_1_58' title='bbox 687 625 886 675; x_wconf 85' lang='lat' dir='ltr'>deposiuit</span> <span class='ocrx_word' id='word_1_59' title='bbox 908 633 1026 675; x_wconf 82' lang='lat' dir='ltr'>caput</span> <span class='ocrx_word' id='word_1_60' title='bbox 1047 632 1085 663; x_wconf 88' lang='lat' dir='ltr'>et</span> <span class='ocrx_word' id='word_1_61' title='bbox 1106 625 1262 664; x_wconf 84' lang='lat' dir='ltr'><strong>dormit.</strong></span> <span class='ocrx_word' id='word_1_62' title='bbox 1320 625 1474 664; x_wconf 77' lang='lat' dir='ltr'>suscita.</span> <span class='ocrx_word' id='word_1_63' title='bbox 1511 641 1549 673; x_wconf 79' lang='lat'>35</span> 
     </span>
     <span class='ocr_line' id='line_1_9' title="bbox 150 690 1487 741; baseline -0.001 -11"><span class='ocrx_word' id='word_1_64' title='bbox 150 693 324 730; x_wconf 78' lang='lat' dir='ltr'><strong>PHILOL.</strong></span> <span class='ocrx_word' id='word_1_65' title='bbox 356 690 473 730; x_wconf 83' lang='lat' dir='ltr'>etiam</span> <span class='ocrx_word' id='word_1_66' title='bbox 495 690 662 741; x_wconf 84' lang='lat' dir='ltr'>uigilas?</span> <span class='ocrx_word' id='word_1_67' title='bbox 691 698 809 741; x_wconf 81' lang='lat' dir='ltr'>pater,</span> <span class='ocrx_word' id='word_1_68' title='bbox 834 690 1009 741; x_wconf 80' lang='lat' dir='ltr'>inquam,</span> <span class='ocrx_word' id='word_1_69' title='bbox 1031 690 1156 729; x_wconf 80' lang='lat' dir='ltr'>aderit</span> <span class='ocrx_word' id='word_1_70' title='bbox 1181 690 1257 728; x_wconf 80' lang='lat' dir='ltr'>iam</span> <span class='ocrx_word' id='word_1_71' title='bbox 1280 690 1344 729; x_wconf 85' lang='lat' dir='ltr'>hic</span> <span class='ocrx_word' id='word_1_72' title='bbox 1365 704 1487 729; x_wconf 81' lang='lat' dir='ltr'>meus.</span> 
     </span>
     <span class='ocr_line' id='line_1_10' title="bbox 1085 756 1491 806; baseline 0 -11"><span class='ocrx_word' id='word_1_73' title='bbox 1085 757 1156 795; x_wconf 84' lang='lat' dir='ltr'>CA.</span> <span class='ocrx_word' id='word_1_74' title='bbox 1190 756 1254 794; x_wconf 80' lang='lat' dir='ltr'>ain</span> <span class='ocrx_word' id='word_1_75' title='bbox 1276 763 1329 803; x_wconf 85' lang='lat' dir='ltr'>tu,</span> <span class='ocrx_word' id='word_1_76' title='bbox 1352 758 1491 806; x_wconf 78' lang='lat' dir='ltr'>pater?</span> 
     </span>
     <span class='ocr_line' id='line_1_11' title="bbox 149 821 1488 872; baseline -0.001 -10"><span class='ocrx_word' id='word_1_77' title='bbox 149 824 250 862; x_wconf 89' lang='lat' dir='ltr'>cedo</span> <span class='ocrx_word' id='word_1_78' title='bbox 284 824 412 861; x_wconf 84' lang='lat' dir='ltr'>soleas</span> <span class='ocrx_word' id='word_1_79' title='bbox 447 823 512 869; x_wconf 91' lang='lat' dir='ltr'>mi,</span> <span class='ocrx_word' id='word_1_80' title='bbox 547 829 589 860; x_wconf 90' lang='lat' dir='ltr'>ut</span> <span class='ocrx_word' id='word_1_81' title='bbox 620 835 729 860; x_wconf 79' lang='lat' dir='ltr'>arma</span> <span class='ocrx_word' id='word_1_82' title='bbox 759 822 924 872; x_wconf 78' lang='lat' dir='ltr'>capiam.</span> <span class='ocrx_word' id='word_1_83' title='bbox 999 821 1077 859; x_wconf 80' lang='lat' dir='ltr'>iam</span> <span class='ocrx_word' id='word_1_84' title='bbox 1108 823 1174 871; x_wconf 86' lang='lat' dir='ltr'>pol</span> <span class='ocrx_word' id='word_1_85' title='bbox 1205 835 1277 871; x_wconf 82' lang='lat' dir='ltr'>ego</span> <span class='ocrx_word' id='word_1_86' title='bbox 1307 821 1488 860; x_wconf 77' lang='lat' dir='ltr'>occidam</span> 
     </span>
     <span class='ocr_line' id='line_1_12' title="bbox 1324 895 1487 937; baseline 0.006 -12"><span class='ocrx_word' id='word_1_87' title='bbox 1324 895 1487 937; x_wconf 79' lang='lat' dir='ltr'>patrem.</span> 
     </span>
     <span class='ocr_line' id='line_1_13' title="bbox 62 953 1489 1005; baseline -0.001 -12"><span class='ocrx_word' id='word_1_88' title='bbox 62 960 128 1004; x_wconf 88' lang='lat'>385</span> <span class='ocrx_word' id='word_1_89' title='bbox 150 957 323 993; x_wconf 82' lang='lat' dir='ltr'>PH1LOL.</span> <span class='ocrx_word' id='word_1_90' title='bbox 356 953 488 1005; x_wconf 88' lang='lat' dir='ltr'>perdis</span> <span class='ocrx_word' id='word_1_91' title='bbox 515 967 609 992; x_wconf 91' lang='lat' dir='ltr'>rem.</span> <span class='ocrx_word' id='word_1_92' title='bbox 671 955 748 992; x_wconf 79' lang='lat' dir='ltr'>DE.</span> <span class='ocrx_word' id='word_1_93' title='bbox 780 961 877 999; x_wconf 78' lang='lat' dir='ltr'>tace,</span> <span class='ocrx_word' id='word_1_94' title='bbox 900 953 1056 991; x_wconf 80' lang='lat' dir='ltr'>amabo.</span> <span class='ocrx_word' id='word_1_95' title='bbox 1118 954 1289 991; x_wconf 82' lang='lat' dir='ltr'>PH1L0L.</span> <span class='ocrx_word' id='word_1_96' title='bbox 1322 953 1489 1003; x_wconf 81' lang='lat' dir='ltr'>abripite</span> 
     </span>
     <span class='ocr_line' id='line_1_14' title="bbox 763 1017 1489 1056; baseline 0.001 -1"><span class='ocrx_word' id='word_1_97' title='bbox 763 1019 870 1056; x_wconf 85' lang='lat' dir='ltr'>hunc</span> <span class='ocrx_word' id='word_1_98' title='bbox 892 1017 994 1055; x_wconf 86' lang='lat' dir='ltr'>intro</span> <span class='ocrx_word' id='word_1_99' title='bbox 1015 1025 1191 1055; x_wconf 81' lang='lat' dir='ltr'>actutum</span> <span class='ocrx_word' id='word_1_100' title='bbox 1215 1017 1315 1056; x_wconf 83' lang='lat' dir='ltr'>inter</span> <span class='ocrx_word' id='word_1_101' title='bbox 1336 1032 1489 1056; x_wconf 78' lang='lat' dir='ltr'>manus.</span> 
     </span>
     <span class='ocr_line' id='line_1_15' title="bbox 149 1083 1490 1135; baseline -0.001 -11"><span class='ocrx_word' id='word_1_102' title='bbox 149 1086 220 1126; x_wconf 85' lang='lat' dir='ltr'>CA.</span> <span class='ocrx_word' id='word_1_103' title='bbox 253 1085 331 1124; x_wconf 80' lang='lat' dir='ltr'>iam</span> <span class='ocrx_word' id='word_1_104' title='bbox 353 1086 484 1124; x_wconf 90' lang='lat' dir='ltr'>hercle</span> <span class='ocrx_word' id='word_1_105' title='bbox 504 1098 579 1135; x_wconf 84' lang='lat' dir='ltr'>ego</span> <span class='ocrx_word' id='word_1_106' title='bbox 600 1098 673 1123; x_wconf 86' lang='lat' dir='ltr'>uos</span> <span class='ocrx_word' id='word_1_107' title='bbox 693 1097 764 1134; x_wconf 89' lang='lat' dir='ltr'>pro</span> <span class='ocrx_word' id='word_1_108' title='bbox 786 1084 934 1121; x_wconf 78' lang='lat' dir='ltr'>matula</span> <span class='ocrx_word' id='word_1_109' title='bbox 959 1083 1129 1131; x_wconf 82' lang='lat' dir='ltr'>habebo,</span> <span class='ocrx_word' id='word_1_110' title='bbox 1153 1083 1227 1122; x_wconf 83' lang='lat' dir='ltr'>nisi</span> <span class='ocrx_word' id='word_1_111' title='bbox 1249 1084 1345 1121; x_wconf 90' lang='lat' dir='ltr'>mihi</span> <span class='ocrx_word' id='word_1_112' title='bbox 1367 1092 1490 1123; x_wconf 81' lang='lat' dir='ltr'>matu-</span> 
     </span>
     <span class='ocr_line' id='line_1_16' title="bbox 1273 1150 1485 1188; baseline 0.005 -1"><span class='ocrx_word' id='word_1_113' title='bbox 1273 1151 1351 1188; x_wconf 81' lang='lat' dir='ltr'>lam</span> <span class='ocrx_word' id='word_1_114' title='bbox 1373 1150 1485 1188; x_wconf 83' lang='lat' dir='ltr'>datis.</span> 
     </span>
     <span class='ocr_line' id='line_1_17' title="bbox 148 1214 1548 1267; baseline -0.002 -12"><span class='ocrx_word' id='word_1_115' title='bbox 148 1218 320 1255; x_wconf 80' lang='lat' dir='ltr'><strong>PHILOL.</strong></span> <span class='ocrx_word' id='word_1_116' title='bbox 350 1215 445 1267; x_wconf 90' lang='lat' dir='ltr'>perii</span> <span class='ocrx_word' id='word_1_117' title='bbox 463 1218 470 1254; x_wconf 80' lang='lat'>1</span> <span class='ocrx_word' id='word_1_118' title='bbox 499 1217 576 1253; x_wconf 83' lang='lat' dir='ltr'>TR.</span> <span class='ocrx_word' id='word_1_119' title='bbox 605 1215 708 1254; x_wconf 83' lang='lat' dir='ltr'>habe</span> <span class='ocrx_word' id='word_1_120' title='bbox 724 1216 876 1253; x_wconf 87' lang='lat' dir='ltr'>bonum</span> <span class='ocrx_word' id='word_1_121' title='bbox 897 1214 1073 1253; x_wconf 79' lang='lat' dir='ltr'>animum</span> <span class='ocrx_word' id='word_1_122' title='bbox 1093 1230 1099 1253; x_wconf 93' lang='lat'>:</span> <span class='ocrx_word' id='word_1_123' title='bbox 1128 1228 1201 1265; x_wconf 84' lang='lat' dir='ltr'>ego</span> <span class='ocrx_word' id='word_1_124' title='bbox 1217 1214 1334 1252; x_wconf 81' lang='lat' dir='ltr'>istum</span> <span class='ocrx_word' id='word_1_125' title='bbox 1357 1215 1487 1265; x_wconf 90' lang='lat' dir='ltr'>lepide</span> <span class='ocrx_word' id='word_1_126' title='bbox 1506 1229 1548 1260; x_wconf 78' lang='lat'>40</span> 
     </span>
     <span class='ocr_line' id='line_1_18' title="bbox 1091 1280 1484 1318; baseline 0.003 -1"><span class='ocrx_word' id='word_1_127' title='bbox 1091 1280 1302 1318; x_wconf 77' lang='lat' dir='ltr'>medicabo</span> <span class='ocrx_word' id='word_1_128' title='bbox 1323 1288 1484 1318; x_wconf 87' lang='lat' dir='ltr'>metum.</span> 
     </span>
     <span class='ocr_line' id='line_1_19' title="bbox 147 1345 1487 1396; baseline -0.002 -9"><span class='ocrx_word' id='word_1_129' title='bbox 147 1350 320 1388; x_wconf 82' lang='lat' dir='ltr'>PH1LOL.</span> <span class='ocrx_word' id='word_1_130' title='bbox 362 1349 493 1386; x_wconf 85' lang='lat' dir='ltr'>nullus</span> <span class='ocrx_word' id='word_1_131' title='bbox 523 1361 610 1385; x_wconf 86' lang='lat' dir='ltr'>sum</span> <span class='ocrx_word' id='word_1_132' title='bbox 629 1349 636 1385; x_wconf 83' lang='lat'>!</span> <span class='ocrx_word' id='word_1_133' title='bbox 692 1347 769 1384; x_wconf 61' lang='grc' dir='ltr'>ΤΚ.</span> <span class='ocrx_word' id='word_1_134' title='bbox 807 1353 937 1384; x_wconf 77' lang='lat' dir='ltr'>taceas</span> <span class='ocrx_word' id='word_1_135' title='bbox 955 1361 961 1384; x_wconf 92' lang='lat'>:</span> <span class='ocrx_word' id='word_1_136' title='bbox 1002 1358 1075 1396; x_wconf 82' lang='lat' dir='ltr'>ego</span> <span class='ocrx_word' id='word_1_137' title='bbox 1103 1347 1171 1396; x_wconf 80' lang='lat' dir='ltr'>qui</span> <span class='ocrx_word' id='word_1_138' title='bbox 1198 1345 1318 1384; x_wconf 82' lang='lat' dir='ltr'>istaec</span> <span class='ocrx_word' id='word_1_139' title='bbox 1351 1347 1487 1385; x_wconf 86' lang='lat' dir='ltr'>sedem</span> 
     </span>
     <span class='ocr_line' id='line_1_20' title="bbox 1160 1411 1484 1450; baseline 0 0"><span class='ocrx_word' id='word_1_140' title='bbox 1160 1411 1383 1450; x_wconf 81' lang='lat' dir='ltr'>meditabor</span> <span class='ocrx_word' id='word_1_141' title='bbox 1403 1411 1484 1450; x_wconf 88' lang='lat' dir='ltr'>tibi.</span> 
     </span>
     <span class='ocr_line' id='line_1_21' title="bbox 147 1476 1393 1529; baseline -0.002 -11"><span class='ocrx_word' id='word_1_142' title='bbox 147 1480 248 1519; x_wconf 83' lang='lat' dir='ltr'>satin</span> <span class='ocrx_word' id='word_1_143' title='bbox 269 1479 393 1518; x_wconf 84' lang='lat' dir='ltr'>habes</span> <span class='ocrx_word' id='word_1_144' title='bbox 413 1478 445 1517; x_wconf 84' lang='lat' dir='ltr'>si</span> <span class='ocrx_word' id='word_1_145' title='bbox 465 1492 539 1529; x_wconf 84' lang='lat' dir='ltr'>ego</span> <span class='ocrx_word' id='word_1_146' title='bbox 559 1477 840 1517; x_wconf 83' lang='lat' dir='ltr'>aduenientem</span> <span class='ocrx_word' id='word_1_147' title='bbox 862 1478 914 1515; x_wconf 78' lang='lat' dir='ltr'>ita</span> <span class='ocrx_word' id='word_1_148' title='bbox 935 1484 1086 1527; x_wconf 77' lang='lat' dir='ltr'>patrem</span> <span class='ocrx_word' id='word_1_149' title='bbox 1108 1476 1249 1515; x_wconf 77' lang='lat' dir='ltr'>faciam</span> <span class='ocrx_word' id='word_1_150' title='bbox 1270 1484 1393 1525; x_wconf 83' lang='lat' dir='ltr'>tuom,</span> 
     </span>
     <span class='ocr_line' id='line_1_22' title="bbox 60 1543 1488 1597; baseline -0.002 -12"><span class='ocrx_word' id='word_1_151' title='bbox 60 1561 130 1597; x_wconf 89' lang='lat'>390</span> <span class='ocrx_word' id='word_1_152' title='bbox 147 1560 229 1584; x_wconf 90' lang='lat' dir='ltr'>non</span> <span class='ocrx_word' id='word_1_153' title='bbox 263 1546 386 1583; x_wconf 89' lang='lat' dir='ltr'>modo</span> <span class='ocrx_word' id='word_1_154' title='bbox 419 1558 470 1583; x_wconf 90' lang='lat' dir='ltr'>ne</span> <span class='ocrx_word' id='word_1_155' title='bbox 504 1544 606 1582; x_wconf 85' lang='lat' dir='ltr'>intro</span> <span class='ocrx_word' id='word_1_156' title='bbox 640 1551 712 1590; x_wconf 79' lang='lat' dir='ltr'>eat,</span> <span class='ocrx_word' id='word_1_157' title='bbox 736 1557 874 1581; x_wconf 87' lang='lat' dir='ltr'>uerum</span> <span class='ocrx_word' id='word_1_158' title='bbox 909 1543 1028 1582; x_wconf 83' lang='lat' dir='ltr'>etiam</span> <span class='ocrx_word' id='word_1_159' title='bbox 1063 1551 1105 1581; x_wconf 85' lang='lat' dir='ltr'>ut</span> <span class='ocrx_word' id='word_1_160' title='bbox 1140 1543 1260 1593; x_wconf 78' lang='lat' dir='ltr'>fugiat</span> <span class='ocrx_word' id='word_1_161' title='bbox 1291 1544 1408 1593; x_wconf 83' lang='lat' dir='ltr'>longe</span> <span class='ocrx_word' id='word_1_162' title='bbox 1437 1544 1488 1582; x_wconf 84' lang='lat' dir='ltr'>ab</span> 
     </span>
     <span class='ocr_line' id='line_1_23' title="bbox 1290 1608 1487 1647; baseline 0.005 -1"><span class='ocrx_word' id='word_1_163' title='bbox 1290 1608 1456 1647; x_wconf 83' lang='lat' dir='ltr'>aedibus</span> <span class='ocrx_word' id='word_1_164' title='bbox 1471 1611 1487 1647; x_wconf 89' lang='lat'>?</span> 
     </span>
     <span class='ocr_line' id='line_1_24' title="bbox 148 1673 1481 1724; baseline -0.002 -9"><span class='ocrx_word' id='word_1_165' title='bbox 148 1691 220 1715; x_wconf 86' lang='lat' dir='ltr'>uos</span> <span class='ocrx_word' id='word_1_166' title='bbox 236 1678 359 1715; x_wconf 92' lang='lat' dir='ltr'>modo</span> <span class='ocrx_word' id='word_1_167' title='bbox 375 1676 468 1714; x_wconf 78' lang='lat' dir='ltr'>hiric</span> <span class='ocrx_word' id='word_1_168' title='bbox 480 1675 587 1713; x_wconf 81' lang='lat' dir='ltr'>abite</span> <span class='ocrx_word' id='word_1_169' title='bbox 601 1675 703 1712; x_wconf 84' lang='lat' dir='ltr'>intro</span> <span class='ocrx_word' id='word_1_170' title='bbox 720 1682 839 1724; x_wconf 81' lang='lat' dir='ltr'>atque</span> <span class='ocrx_word' id='word_1_171' title='bbox 854 1675 952 1712; x_wconf 73' lang='lat' dir='ltr'>haec</span> <span class='ocrx_word' id='word_1_172' title='bbox 966 1673 1058 1712; x_wconf 88' lang='lat' dir='ltr'>hinc</span> <span class='ocrx_word' id='word_1_173' title='bbox 1073 1687 1239 1724; x_wconf 87' lang='lat' dir='ltr'>propere</span> <span class='ocrx_word' id='word_1_174' title='bbox 1252 1674 1481 1712; x_wconf 78' lang='lat' dir='ltr'>amolimini.</span> 
     </span>
     <span class='ocr_line' id='line_1_25' title="bbox 148 1739 1544 1791; baseline -0.004 -10"><span class='ocrx_word' id='word_1_175' title='bbox 148 1745 320 1781; x_wconf 79' lang='lat' dir='ltr'>PfflLOL.</span> <span class='ocrx_word' id='word_1_176' title='bbox 349 1741 416 1780; x_wconf 88' lang='lat' dir='ltr'>ubi</span> <span class='ocrx_word' id='word_1_177' title='bbox 434 1755 506 1791; x_wconf 80' lang='lat' dir='ltr'>ego</span> <span class='ocrx_word' id='word_1_178' title='bbox 523 1741 618 1779; x_wconf 80' lang='lat' dir='ltr'>ero?</span> <span class='ocrx_word' id='word_1_179' title='bbox 675 1742 751 1778; x_wconf 85' lang='lat' dir='ltr'>TR.</span> <span class='ocrx_word' id='word_1_180' title='bbox 777 1739 844 1778; x_wconf 81' lang='lat' dir='ltr'>ubi</span> <span class='ocrx_word' id='word_1_181' title='bbox 862 1753 1046 1778; x_wconf 76' lang='lat' dir='ltr'>maxume</span> <span class='ocrx_word' id='word_1_182' title='bbox 1067 1753 1152 1778; x_wconf 81' lang='lat' dir='ltr'>esse</span> <span class='ocrx_word' id='word_1_183' title='bbox 1175 1739 1232 1777; x_wconf 82' lang='lat' dir='ltr'>uis</span> <span class='ocrx_word' id='word_1_184' title='bbox 1251 1755 1257 1777; x_wconf 91' lang='lat'>:</span> <span class='ocrx_word' id='word_1_185' title='bbox 1285 1753 1375 1777; x_wconf 90' lang='lat' dir='ltr'>cum</span> <span class='ocrx_word' id='word_1_186' title='bbox 1398 1740 1485 1785; x_wconf 77' lang='lat' dir='ltr'>ha&#39;c,</span> <span class='ocrx_word' id='word_1_187' title='bbox 1505 1753 1544 1785; x_wconf 72' lang='lat'>45</span> 
     </span>
     <span class='ocr_line' id='line_1_26' title="bbox 1168 1804 1482 1843; baseline -0.003 0"><span class='ocrx_word' id='word_1_188' title='bbox 1168 1818 1258 1843; x_wconf 88' lang='lat' dir='ltr'>cum</span> <span class='ocrx_word' id='word_1_189' title='bbox 1281 1804 1376 1843; x_wconf 78' lang='lat' dir='ltr'>istac</span> <span class='ocrx_word' id='word_1_190' title='bbox 1398 1805 1482 1843; x_wconf 77' lang='lat' dir='ltr'>eris.</span> 
     </span>
     <span class='ocr_line' id='line_1_27' title="bbox 149 1871 1482 1924; baseline -0.002 -12"><span class='ocrx_word' id='word_1_191' title='bbox 149 1876 224 1912; x_wconf 76' lang='lat' dir='ltr'>DE.</span> <span class='ocrx_word' id='word_1_192' title='bbox 257 1873 353 1924; x_wconf 86' lang='lat' dir='ltr'>quid</span> <span class='ocrx_word' id='word_1_193' title='bbox 375 1872 405 1911; x_wconf 89' lang='lat' dir='ltr'>si</span> <span class='ocrx_word' id='word_1_194' title='bbox 427 1872 542 1922; x_wconf 83' lang='lat' dir='ltr'>igitur</span> <span class='ocrx_word' id='word_1_195' title='bbox 566 1872 756 1911; x_wconf 79' lang='lat' dir='ltr'>abeamus</span> <span class='ocrx_word' id='word_1_196' title='bbox 784 1871 876 1910; x_wconf 89' lang='lat' dir='ltr'>hinc</span> <span class='ocrx_word' id='word_1_197' title='bbox 905 1873 1007 1910; x_wconf 80' lang='lat' dir='ltr'>nos?</span> <span class='ocrx_word' id='word_1_198' title='bbox 1047 1872 1124 1909; x_wconf 78' lang='lat' dir='ltr'>TR.</span> <span class='ocrx_word' id='word_1_199' title='bbox 1156 1884 1237 1909; x_wconf 89' lang='lat' dir='ltr'>non</span> <span class='ocrx_word' id='word_1_200' title='bbox 1258 1872 1335 1909; x_wconf 90' lang='lat' dir='ltr'>hoc</span> <span class='ocrx_word' id='word_1_201' title='bbox 1355 1872 1482 1920; x_wconf 84' lang='lat' dir='ltr'>longe,</span> 
     </span>
     <span class='ocr_line' id='line_1_28' title="bbox 1253 1936 1481 1986; baseline 0.004 -12"><span class='ocrx_word' id='word_1_202' title='bbox 1253 1936 1481 1986; x_wconf 87' lang='lat' dir='ltr'>Delphium.</span> 
     </span>
     <span class='ocr_line' id='line_1_29' title="bbox 146 2002 1391 2055; baseline -0.004 -11"><span class='ocrx_word' id='word_1_203' title='bbox 146 2019 237 2044; x_wconf 83' lang='lat' dir='ltr'>nam</span> <span class='ocrx_word' id='word_1_204' title='bbox 258 2005 362 2043; x_wconf 83' lang='lat' dir='ltr'>intus</span> <span class='ocrx_word' id='word_1_205' title='bbox 385 2012 518 2055; x_wconf 77' lang='lat' dir='ltr'>potate</span> <span class='ocrx_word' id='word_1_206' title='bbox 540 2005 616 2043; x_wconf 83' lang='lat' dir='ltr'>hau</span> <span class='ocrx_word' id='word_1_207' title='bbox 637 2004 790 2043; x_wconf 80' lang='lat' dir='ltr'>tantillo</span> <span class='ocrx_word' id='word_1_208' title='bbox 812 2004 885 2043; x_wconf 72' lang='lat' dir='ltr'>hzic</span> <span class='ocrx_word' id='word_1_209' title='bbox 907 2004 1069 2055; x_wconf 85' lang='lat' dir='ltr'>quidem</span> <span class='ocrx_word' id='word_1_210' title='bbox 1091 2016 1229 2042; x_wconf 78' lang='lat' dir='ltr'>caussa</span> <span class='ocrx_word' id='word_1_211' title='bbox 1251 2002 1391 2040; x_wconf 81' lang='lat' dir='ltr'>minus.</span> 
     </span>
    </p>
   </div>
   <div class='ocr_carea' id='block_1_3' title="bbox 190 2106 1483 2152">
    <p class='ocr_par' dir='ltr' id='par_1_3' title="bbox 190 2106 1483 2159">
     <span class='ocr_line' id='line_1_30' title="bbox 190 2106 1483 2152; baseline -0.003 -12"><span class='ocrx_word' id='word_1_212' title='bbox 190 2121 252 2150; x_wconf 86' lang='lat'>377</span> <span class='ocrx_word' id='word_1_213' title='bbox 277 2109 331 2152; x_wconf 85' lang='lat' dir='ltr'>&lt;i&gt;</span> <span class='ocrx_word' id='word_1_214' title='bbox 353 2110 429 2140; x_wconf 88' lang='lat' dir='ltr'>iube</span> <span class='ocrx_word' id='word_1_215' title='bbox 447 2108 640 2149; x_wconf 77' lang='lat' dir='ltr'>Scl1oell(cf.</span> <span class='ocrx_word' id='word_1_216' title='bbox 658 2109 798 2150; x_wconf 71' lang='lat' dir='ltr'>Sjc&#39;igren</span> <span class='ocrx_word' id='word_1_217' title='bbox 818 2109 930 2140; x_wconf 57' lang='lat' dir='ltr'>‘Pam</span> <span class='ocrx_word' id='word_1_218' title='bbox 955 2107 1080 2149; x_wconf 77' lang='lat' dir='ltr'>Copul.’</span> <span class='ocrx_word' id='word_1_219' title='bbox 1097 2119 1129 2148; x_wconf 92' lang='lat' dir='ltr'>p.</span> <span class='ocrx_word' id='word_1_220' title='bbox 1146 2107 1205 2148; x_wconf 80' lang='grc'>85)</span> <span class='ocrx_word' id='word_1_221' title='bbox 1300 2107 1364 2136; x_wconf 89' lang='lat' dir='ltr'>huc</span> <span class='ocrx_word' id='word_1_222' title='bbox 1383 2106 1483 2137; x_wconf 87' lang='lat' dir='ltr'>etiam</span> 
     </span>
    </p>
   </div>
   <div class='ocr_carea' id='block_1_4' title="bbox 146 2149 1489 2411">
    <p class='ocr_par' dir='ltr' id='par_1_4' title="bbox 146 2149 1489 2411">
     <span class='ocr_line' id='line_1_31' title="bbox 149 2149 1489 2194; baseline -0.003 -9"><span class='ocrx_word' id='word_1_223' title='bbox 149 2154 361 2186; x_wconf 69' lang='lat' dir='ltr'><em>Canem-anus</em></span> <span class='ocrx_word' id='word_1_224' title='bbox 489 2154 551 2194; x_wconf 86' lang='lat'>378</span> <span class='ocrx_word' id='word_1_225' title='bbox 577 2154 717 2184; x_wconf 81' lang='lat' dir='ltr'>offendit</span> <span class='ocrx_word' id='word_1_226' title='bbox 735 2154 799 2185; x_wconf 86' lang='lat' dir='ltr'>cod.</span> <span class='ocrx_word' id='word_1_227' title='bbox 819 2154 894 2194; x_wconf 80' lang='lat' dir='ltr'>(pro</span> <span class='ocrx_word' id='word_1_228' title='bbox 911 2155 997 2184; x_wconf 52' lang='lat' dir='ltr'>-etv</span> <span class='ocrx_word' id='word_1_229' title='bbox 1132 2153 1196 2190; x_wconf 80' lang='lat'>382</span> <span class='ocrx_word' id='word_1_230' title='bbox 1221 2161 1341 2182; x_wconf 81' lang='lat' dir='ltr'>eccere</span> <span class='ocrx_word' id='word_1_231' title='bbox 1360 2149 1489 2181; x_wconf 74' lang='lat' dir='ltr'>Ritsclzl</span> 
     </span>
     <span class='ocr_line' id='line_1_32' title="bbox 146 2194 1479 2240; baseline -0.005 -10"><span class='ocrx_word' id='word_1_232' title='bbox 146 2204 258 2230; x_wconf 87' lang='lat' dir='ltr'>autem</span> <span class='ocrx_word' id='word_1_233' title='bbox 282 2196 448 2240; x_wconf 79' lang='lat' dir='ltr'>(iterum)</span> <span class='ocrx_word' id='word_1_234' title='bbox 472 2196 611 2228; x_wconf 76' lang='lat' dir='ltr'>Mueller</span> <span class='ocrx_word' id='word_1_235' title='bbox 695 2198 833 2228; x_wconf 82' lang='lat' dir='ltr'>suscitat</span> <span class='ocrx_word' id='word_1_236' title='bbox 859 2197 924 2228; x_wconf 84' lang='lat' dir='ltr'>cod.</span> <span class='ocrx_word' id='word_1_237' title='bbox 951 2198 1044 2235; x_wconf 76' lang='lat' dir='ltr'>(corr.</span> <span class='ocrx_word' id='word_1_238' title='bbox 1072 2195 1129 2226; x_wconf 44' lang='lat'>3²*</span> <span class='ocrx_word' id='word_1_239' title='bbox 1266 2196 1328 2233; x_wconf 83' lang='lat'>385</span> <span class='ocrx_word' id='word_1_240' title='bbox 1352 2194 1402 2224; x_wconf 82' lang='lat' dir='ltr'>vel</span> <span class='ocrx_word' id='word_1_241' title='bbox 1418 2194 1479 2225; x_wconf 66' lang='lat' dir='ltr'>DE.</span> 
     </span>
     <span class='ocr_line' id='line_1_33' title="bbox 147 2237 1482 2282; baseline -0.004 -9"><span class='ocrx_word' id='word_1_242' title='bbox 147 2253 178 2282; x_wconf 87' lang='lat' dir='ltr'>p.</span> <span class='ocrx_word' id='word_1_243' title='bbox 199 2253 223 2273; x_wconf 87' lang='lat' dir='ltr'>r.</span> <span class='ocrx_word' id='word_1_244' title='bbox 243 2247 264 2273; x_wconf 88' lang='lat' dir='ltr'>t.</span> <span class='ocrx_word' id='word_1_245' title='bbox 285 2253 313 2273; x_wconf 90' lang='lat' dir='ltr'>a.</span> <span class='ocrx_word' id='word_1_246' title='bbox 407 2241 456 2272; x_wconf 76' lang='lat' dir='ltr'>vel</span> <span class='ocrx_word' id='word_1_247' title='bbox 470 2241 535 2272; x_wconf 64' lang='grc' dir='ltr'>ΤΒ.</span> <span class='ocrx_word' id='word_1_248' title='bbox 555 2241 623 2272; x_wconf 87' lang='lat' dir='ltr'>abr.</span> <span class='ocrx_word' id='word_1_249' title='bbox 761 2242 825 2281; x_wconf 87' lang='lat'>387</span> <span class='ocrx_word' id='word_1_250' title='bbox 854 2241 1023 2272; x_wconf 81' lang='lat' dir='ltr'>meditabo</span> <span class='ocrx_word' id='word_1_251' title='bbox 1041 2239 1108 2270; x_wconf 85' lang='lat' dir='ltr'>cod.</span> <span class='ocrx_word' id='word_1_252' title='bbox 1129 2241 1219 2273; x_wconf 78' lang='lat' dir='ltr'>(corr.</span> <span class='ocrx_word' id='word_1_253' title='bbox 1239 2237 1304 2279; x_wconf 56' lang='grc' dir='ltr'>ΕΙ)</span> <span class='ocrx_word' id='word_1_254' title='bbox 1419 2238 1482 2276; x_wconf 85' lang='grc'>388</span> 
     </span>
     <span class='ocr_line' id='line_1_34' title="bbox 146 2281 1481 2326; baseline -0.004 -10"><span class='ocrx_word' id='word_1_255' title='bbox 146 2287 275 2316; x_wconf 87' lang='lat' dir='ltr'>nullum</span> <span class='ocrx_word' id='word_1_256' title='bbox 293 2285 358 2317; x_wconf 85' lang='lat' dir='ltr'>cod.</span> <span class='ocrx_word' id='word_1_257' title='bbox 378 2285 473 2326; x_wconf 79' lang='lat' dir='ltr'>(corr.</span> <span class='ocrx_word' id='word_1_258' title='bbox 491 2285 550 2323; x_wconf 70' lang='lat'>32)</span> <span class='ocrx_word' id='word_1_259' title='bbox 691 2286 824 2324; x_wconf 84' lang='lat'>389-90</span> <span class='ocrx_word' id='word_1_260' title='bbox 848 2289 941 2315; x_wconf 85' lang='lat' dir='ltr'>tuum</span> <span class='ocrx_word' id='word_1_261' title='bbox 962 2285 1045 2325; x_wconf 82' lang='lat' dir='ltr'>[non</span> <span class='ocrx_word' id='word_1_262' title='bbox 1071 2283 1172 2313; x_wconf 91' lang='lat' dir='ltr'>modo</span> <span class='ocrx_word' id='word_1_263' title='bbox 1191 2282 1267 2312; x_wconf 87' lang='lat' dir='ltr'>hinc</span> <span class='ocrx_word' id='word_1_264' title='bbox 1285 2281 1374 2312; x_wconf 84' lang='lat' dir='ltr'>abite</span> <span class='ocrx_word' id='word_1_265' title='bbox 1393 2282 1481 2312; x_wconf 80' lang='lat' dir='ltr'>intro</span> 
     </span>
     <span class='ocr_line' id='line_1_35' title="bbox 146 2327 1484 2370; baseline -0.003 -10"><span class='ocrx_word' id='word_1_266' title='bbox 146 2334 246 2370; x_wconf 86' lang='lat' dir='ltr'>atque</span> <span class='ocrx_word' id='word_1_267' title='bbox 264 2330 326 2361; x_wconf 84' lang='lat' dir='ltr'>hec</span> <span class='ocrx_word' id='word_1_268' title='bbox 343 2328 474 2369; x_wconf 90' lang='lat' dir='ltr'>inquid]</span> <span class='ocrx_word' id='word_1_269' title='bbox 496 2328 571 2359; x_wconf 86' lang='lat' dir='ltr'>Non</span> <span class='ocrx_word' id='word_1_270' title='bbox 590 2328 690 2359; x_wconf 91' lang='lat' dir='ltr'>modo</span> <span class='ocrx_word' id='word_1_271' title='bbox 709 2332 761 2360; x_wconf 86' lang='lat' dir='ltr'>etc.</span> <span class='ocrx_word' id='word_1_272' title='bbox 780 2327 844 2359; x_wconf 86' lang='lat' dir='ltr'>cod.</span> <span class='ocrx_word' id='word_1_273' title='bbox 866 2338 962 2367; x_wconf 46' lang='grc' dir='ltr'>Ἰχεονν.</span> <span class='ocrx_word' id='word_1_274' title='bbox 982 2327 1038 2366; x_wconf 56' lang='lat'>331</span> <span class='ocrx_word' id='word_1_275' title='bbox 1056 2327 1114 2367; x_wconf 85' lang='lat' dir='ltr'>(iv.</span> <span class='ocrx_word' id='word_1_276' title='bbox 1128 2337 1147 2365; x_wconf 80' lang='lat'><strong>3</strong></span> <span class='ocrx_word' id='word_1_277' title='bbox 1163 2337 1169 2359; x_wconf 73' lang='lat' dir='ltr'><em>z</em></span> <span class='ocrx_word' id='word_1_278' title='bbox 1188 2327 1231 2356; x_wconf 89' lang='lat' dir='ltr'>iii.</span> <span class='ocrx_word' id='word_1_279' title='bbox 1255 2336 1266 2355; x_wconf 87' lang='lat'>1</span> <span class='ocrx_word' id='word_1_280' title='bbox 1279 2337 1288 2355; x_wconf 90' lang='lat'>1</span> <span class='ocrx_word' id='word_1_281' title='bbox 1306 2346 1307 2351; x_wconf 62' lang='lat'>,</span> <span class='ocrx_word' id='word_1_282' title='bbox 1418 2335 1484 2365; x_wconf 82' lang='lat'>390</span> 
     </span>
     <span class='ocr_line' id='line_1_36' title="bbox 147 2370 1484 2411; baseline -0.003 -7"><span class='ocrx_word' id='word_1_283' title='bbox 147 2379 202 2404; x_wconf 87' lang='lat' dir='ltr'>eat</span> <span class='ocrx_word' id='word_1_284' title='bbox 213 2373 258 2403; x_wconf 68' lang='grc' dir='ltr'>Β2</span> <span class='ocrx_word' id='word_1_285' title='bbox 274 2386 280 2404; x_wconf 89' lang='lat'>:</span> <span class='ocrx_word' id='word_1_286' title='bbox 305 2378 338 2404; x_wconf 83' lang='lat' dir='ltr'>at</span> <span class='ocrx_word' id='word_1_287' title='bbox 349 2373 413 2404; x_wconf 81' lang='lat' dir='ltr'>cod.</span> <span class='ocrx_word' id='word_1_288' title='bbox 532 2383 595 2411; x_wconf 83' lang='grc'>393</span> <span class='ocrx_word' id='word_1_289' title='bbox 620 2373 646 2402; x_wconf 86' lang='lat' dir='ltr'>si</span> <span class='ocrx_word' id='word_1_290' title='bbox 665 2372 788 2403; x_wconf 75' lang='lat' dir='ltr'>Bothe:</span> <span class='ocrx_word' id='word_1_291' title='bbox 812 2376 864 2402; x_wconf 86' lang='lat' dir='ltr'>est</span> <span class='ocrx_word' id='word_1_292' title='bbox 879 2372 946 2403; x_wconf 86' lang='lat' dir='ltr'>cod.</span> <span class='ocrx_word' id='word_1_293' title='bbox 968 2371 1020 2411; x_wconf 80' lang='lat' dir='ltr'>(cs.</span> <span class='ocrx_word' id='word_1_294' title='bbox 1038 2370 1086 2402; x_wconf 78' lang='lat' dir='ltr'>acl</span> <span class='ocrx_word' id='word_1_295' title='bbox 1097 2371 1176 2411; x_wconf 85' lang='lat'><strong>402)</strong></span> <span class='ocrx_word' id='word_1_296' title='bbox 1297 2380 1358 2410; x_wconf 84' lang='lat'>394</span> <span class='ocrx_word' id='word_1_297' title='bbox 1385 2375 1484 2400; x_wconf 78' lang='lat' dir='ltr'>entus</span> 
     </span>
    </p>
   </div>
   <div class='ocr_carea' id='block_1_5' title="bbox 147 2416 798 2459">
    <p class='ocr_par' dir='ltr' id='par_1_5' title="bbox 147 2416 798 2459">
     <span class='ocr_line' id='line_1_37' title="bbox 147 2416 798 2459; baseline -0.003 -12"><span class='ocrx_word' id='word_1_298' title='bbox 147 2417 211 2452; x_wconf 77' lang='lat' dir='ltr'>cod,</span> <span class='ocrx_word' id='word_1_299' title='bbox 234 2420 327 2450; x_wconf 65' lang='lat' dir='ltr'>(corr.</span> <span class='ocrx_word' id='word_1_300' title='bbox 346 2416 407 2457; x_wconf 75' lang='lat' dir='ltr'>B&#39;3&#39;)</span> <span class='ocrx_word' id='word_1_301' title='bbox 428 2417 499 2459; x_wconf 79' lang='lat' dir='ltr'>(vix</span> <span class='ocrx_word' id='word_1_302' title='bbox 505 2417 624 2456; x_wconf 79' lang='lat' dir='ltr'>forma</span> <span class='ocrx_word' id='word_1_303' title='bbox 642 2416 798 2456; x_wconf 81' lang='lat' dir='ltr'>antiqua)</span> 
     </span>
    </p>
   </div>
  </div>
 </body>
</html>
