1747 2740
1 252 114 297 297—8

24 342 92 376 299
98 352 114 355 *⁸

45 390 115 423 300

45 910 109 946 305

45 1368 116 1403 310

46 1827 112 1863 315

626 130 976 169 TRINVMMVS
1416 130 1470 168 II.

190 245 242 283 nil
272 258 345 295 ego
371 245 468 282 istos
497 256 627 281 moror
657 244 811 281 faeceos
837 254 977 288 moreS,
1000 240 1190 287 turbidos,
1214 241 1349 291 quibu'
1377 241 1470 280 boni

1154 307 1397 345 dedecorant
1418 320 1469 345 se.

188 377 285 414 haec
309 374 379 413 tibi
402 374 433 412 si
458 387 546 412 mea
574 372 738 424 imperia
763 385 955 422 capesses,
980 372 1103 410 multa
1124 371 1230 411 bona
1251 371 1290 409 in
1312 379 1471 422 pectore

1248 436 1468 476 consident.

134 508 203 544 Lv.
236 519 392 556 semper
421 518 494 555 ego
524 517 650 555 usque
684 505 735 543 ad
767 504 870 542 hanc
901 510 1071 542 aetatem
1103 503 1154 541 ab
1184 502 1345 541 ineunte
1377 504 1470 541 adu—

1283 568 1471 608 lescentia

134 636 209 675 tuis
231 635 375 675 seruiui
397 635 626 675 seruitutem
648 634 832 685 imperiis,
857 633 928 687 [et]
951 634 1180 685 praeceptiS‚
1204 642 1324 686 pater.

133 717 205 753 pro
234 701 393 752 ingenio
426 715 499 752 ego
532 715 596 740 me
628 701 795 740 liberum
826 714 911 739 esse
943 702 1038 739 ratu’
1069 714 1168 748 sum,
1201 715 1271 752 pro
1306 700 1472 752 imperio

1404 774 1472 806 tuo

132 847 265 873 meum
287 832 464 871 animum
487 831 556 870 tibi
578 831 807 870 seruitutem
829 830 974 870 seruire
993 845 1165 882 aequom
1187 831 1334 870 censui.

134 899 209 936 PH.
241 898 309 948 qui
336 898 458 935 homo
479 910 570 935 cum
592 895 726 935 animo
747 895 840 934 inde
861 895 911 934 ab
933 894 1094 942 ineunte
1115 903 1242 934 aetate
1267 897 1470 946 depugnat

1384 976 1466 1008 suo,

132 1035 262 1067 utrum
284 1027 389 1066 itane
410 1041 496 1066 esse
517 1026 678 1066 mauelit
699 1034 741 1065 ut
762 1040 852 1065 eum
874 1025 1029 1065 animus
1050 1041 1221 1077 aequom
1244 1034 1412 1074 censeat,

131 1108 182 1132 an
204 1094 256 1132 ita
277 1094 408 1144 potius
430 1101 471 1132 ut
493 1101 674 1142 parentes
701 1107 791 1132 eum
814 1107 899 1131 esse
921 1101 958 1132 et
979 1093 1136 1144 cognati
1158 1093 1281 1132 uelint
1301 1108 1308 1132 ε

133 1159 165 1199 si
199 1158 356 1199 animus
391 1161 595 1198 hommem
626 1159 787 1209 pepulit,
820 1166 1014 1198 actumst:
1059 1158 1194 1198 animo
1225 1160 1354 1206 seruit,
1390 1172 1471 1198 non

1370 1224 1443 1263 sibi
1462 1238 1473 1272 3

133 1289 164 1329 si
185 1289 269 1341 ipse
288 1289 465 1329 animum
487 1290 651 1341 pepulit,
671 1291 767 1346 dum
790 1289 889 1328 uiuit
910 1289 1036 1329 uictor
1056 1289 1250 1330 uictorum
1272 1292 1387 1330 cluet.

134 1363 176 1395 tu
197 1355 229 1395 si
249 1355 426 1395 animum
455 1355 583 1394 uicisti
611 1355 743 1406 potius
765 1369 884 1406 quam
906 1355 1061 1394 animus
1090 1363 1137 1403 te,
1163 1364 1221 1395 est
1248 1357 1356 1406 quod
1381 1370 1471 1406 gau-

1362 1423 1467 1460 deas.

133 1486 257 1526 nimio
277 1486 414 1526 satiust
435 1494 477 1525 ut
498 1494 615 1537 opust
635 1488 701 1526 ted
724 1486 777 1525 ita
797 1501 882 1526 esse
903 1501 1022 1538 quam
1044 1495 1086 1526 ut
1107 1487 1240 1526 animo
1262 1488 1371 1527 lubet
1390 1504 1396 1527 :

133 1552 201 1604 qui
228 1552 405 1592 animum
431 1552 596 1591 uincunt
627 1566 745 1603 quam
774 1566 874 1603 quos
902 1553 1057 1592 animus
1089 1567 1243 1604 semper
1267 1553 1469 1604 probiores

1326 1621 1470 1659 cluent.

135 1686 204 1723 Lv.
238 1683 358 1723 istaec
379 1697 452 1734 ego
474 1683 525 1721 mi
548 1697 703 1734 semper
724 1683 844 1722 habui
861 1684 979 1722 aetati
998 1683 1312 1735 integumentum
1335 1699 1471 1734 meae,

134 1763 184 1788 ne
204 1757 449 1800 penetrarem
472 1763 535 1788 me
557 1763 722 1800 usquam
745 1749 812 1788 ubi
835 1758 937 1789 esset
959 1750 1093 1789 damni
1116 1751 1424 1790 conciliabulum

134 1829 211 1853 neu
234 1822 355 1853 noctu
377 1814 472 1853 irem
494 1815 795 1854 obambulatum
818 1830 896 1854 neu
919 1829 1033 1854 suom
1054 1816 1271 1855 adimerem
1292 1816 1401 1856 alteri

135 1895 212 1919 neu
234 1880 303 1919 tibi
324 1880 622 1931 aegritudinem,
646 1889 765 1932 pater,
789 1883 978 1933 parerem,
1002 1882 1103 1933 parsi
1125 1884 1288 1922 sedulo:

135 1954 237 1985 sarta
257 1954 359 1985 tecta
381 1955 447 1985 tua
468 1955 676 1998 praecepta
697 1962 822 1999 usque
844 1949 963 1988 habui
987 1963 1074 1988 mea
1099 1948 1304 1988 modestia.

136 2014 210 2050 PH.
235 2014 329 2063 quid
345 2014 554 2063 exprobras
571 2016 586 2052 ?
616 2016 718 2054 bene
732 2018 840 2066 quod
858 2017 981 2056 fecisti
1004 2017 1073 2055 tibi
1096 2015 1232 2063 fecisti,
1251 2029 1331 2054 non
1349 2014 1470 2064 mihi,

136 2078 232 2117 mihi
252 2079 414 2129 quidem
436 2088 542 2119 aetas
563 2089 686 2120 actast
707 2084 827 2121 ferme
847 2099 853 2122 :
885 2092 950 2122 tua
971 2083 1071 2122 istuc
1092 2085 1206 2123 refert
1228 2096 1420 2122 maxume.

180 2186 287 2225 297-8
312 2184 361 2216 sac
379 2195 437 2215 eos
455 2185 487 2215 P
594 2188 659 2225 [etl
685 2187 838 2219 turbidos
860 2188 892 2219 P
1001 2190 1099 2220 bonis
1119 2190 1151 2221 A
1280 2199 1346 2228 302
1370 2189 1416 2220 tui
1441 2189 1473 2220 P

135 2232 170 2258 et
183 2227 243 2259 del.
260 2228 362 2259 Botln
458 2231 524 2268 306
549 2231 613 2265 [id]
636 2233 725 2261 itane
740 2231 837 2265 Piiv.
853 2234 887 2271 3)
980 2235 1044 2272 308
1063 2235 1207 2274 perpulit
1223 2234 1256 2264 P
1319 2234 1469 2265 seruauit

136 2271 169 2301 P
290 2283 355 2313 309
380 2273 562 2315 uictorum]
593 2275 751 2305 uirtutum
775 2275 807 2305 A
931 2288 990 2315 311
1019 2279 1124 2308 satius
1141 2279 1188 2309 tui
1206 2290 1235 2309 ο.
1258 2277 1307 2307 Ρε
1325 2278 1407 2318 [pro
1424 2277 1468 2316 T)

137 2315 227 2347 lubet
244 2316 318 2348 Ital.
342 2330 347 2348 :
374 2318 463 2347 iubet
481 2317 569 2349 codd.
713 2329 777 2357 312
801 2330 900 2359 quam
919 2321 974 2361 qui
990 2322 1122 2352 animos
1139 2322 1171 2352 A
1281 2322 1394 2352 ciucnt
1412 2321 1444 2351 A
1462 2333 1468 2352 :

136 2360 280 2391 cluentis
298 2361 330 2391 P
415 2371 478 2399 313
504 2367 736 2399 tegumentum
760 2362 793 2392 P
877 2375 938 2403 314
965 2365 1247 2397 conciliitabulum
1272 2365 1304 2395 A
1404 2376 1467 2405 315

138 2403 201 2434 Nei
221 2405 280 2443 (B)
298 2406 352 2435 w!
367 2405 418 2435 Ne
438 2406 541 2439 (l'Cl'¹
562 2407 592 2436 I’
700 2408 762 2445 318
786 2407 841 2437 vix
858 2408 957 2439 iamb.
979 2413 1119 2441 octouar.
1255 2420 1319 2449 319
1344 2410 1465 2451 ferme]

136 2448 200 2478 sert
218 2459 270 2479 mc
289 2449 320 2478 P
336 2455 407 2490 *pro
424 2449 666 2488 scrimesomm
682 2451 818 2490 antiqua
832 2452 857 2492 (²)

1491 129 1521 167 51

1492 520 1532 542 20

1494 1048 1531 1079 25

1489 1507 1530 1538 30

1490 1899 1528 1932 35
