<?xml version="1.0" encoding="UTF-8"?>
<!DOCTYPE html PUBLIC "-//W3C//DTD XHTML 1.0 Transitional//EN"
    "http://www.w3.org/TR/xhtml1/DTD/xhtml1-transitional.dtd">
<html xmlns="http://www.w3.org/1999/xhtml" xml:lang="en" lang="en">
 <head>
  <title>
</title>
<meta http-equiv="Content-Type" content="text/html;charset=utf-8" />
  <meta name='ocr-system' content='tesseract 3.04.00' />
  <meta name='ocr-capabilities' content='ocr_page ocr_carea ocr_par ocr_line ocrx_word'/>
</head>
<body>
  <div class='ocr_page' id='page_1' title='image "./comoediaerecogno02plau_0109.png"; bbox 0 0 1747 2740; ppageno 0'>
   <div class='ocr_carea' id='block_1_1' title="bbox 614 112 1551 153">
    <p class='ocr_par' dir='ltr' id='par_1_1' title="bbox 614 112 1551 153">
     <span class='ocr_line' id='line_1_1' title="bbox 614 112 1551 153; baseline 0 -1"><span class='ocrx_word' id='word_1_1' title='bbox 614 112 1019 152; x_wconf 88' lang='lat' dir='ltr'><strong>MOSTELLARIA</strong></span> <span class='ocrx_word' id='word_1_2' title='bbox 1455 116 1484 153; x_wconf 93' lang='lat' dir='ltr'><strong>I.</strong></span> <span class='ocrx_word' id='word_1_3' title='bbox 1508 115 1551 152; x_wconf 79' lang='lat' dir='ltr'><strong>iii</strong></span> 
     </span>
    </p>
   </div>
   <div class='ocr_carea' id='block_1_2' title="bbox 64 223 1552 2044">
    <p class='ocr_par' dir='ltr' id='par_1_2' title="bbox 64 223 1552 2044">
     <span class='ocr_line' id='line_1_2' title="bbox 152 223 1550 275; baseline 0.002 -12"><span class='ocrx_word' id='word_1_4' title='bbox 152 224 215 263; x_wconf 90' lang='lat' dir='ltr'><strong>Sc.</strong></span> <span class='ocrx_word' id='word_1_5' title='bbox 248 223 301 263; x_wconf 87' lang='lat' dir='ltr'><strong>ita</strong></span> <span class='ocrx_word' id='word_1_6' title='bbox 327 231 369 263; x_wconf 90' lang='lat' dir='ltr'><strong>tu</strong></span> <span class='ocrx_word' id='word_1_7' title='bbox 399 237 463 263; x_wconf 90' lang='lat' dir='ltr'><strong>me</strong></span> <span class='ocrx_word' id='word_1_8' title='bbox 489 237 609 271; x_wconf 82' lang='lat' dir='ltr'><strong>ames,</strong></span> <span class='ocrx_word' id='word_1_9' title='bbox 633 223 686 262; x_wconf 87' lang='lat' dir='ltr'><strong>ita</strong></span> <span class='ocrx_word' id='word_1_10' title='bbox 716 223 967 263; x_wconf 82' lang='lat' dir='ltr'><strong>Philolaches</strong></span> <span class='ocrx_word' id='word_1_11' title='bbox 995 226 1074 263; x_wconf 90' lang='lat' dir='ltr'><strong>tuo&#39;</strong></span> <span class='ocrx_word' id='word_1_12' title='bbox 1096 224 1133 263; x_wconf 77' lang='lat' dir='ltr'><strong>te</strong></span> <span class='ocrx_word' id='word_1_13' title='bbox 1161 233 1277 272; x_wconf 82' lang='lat' dir='ltr'><strong>amet,</strong></span> <span class='ocrx_word' id='word_1_14' title='bbox 1302 234 1343 264; x_wconf 88' lang='lat' dir='ltr'><strong>ut</strong></span> <span class='ocrx_word' id='word_1_15' title='bbox 1369 240 1489 265; x_wconf 84' lang='lat' dir='ltr'><strong>uenu-</strong></span> <span class='ocrx_word' id='word_1_16' title='bbox 1512 243 1550 275; x_wconf 88' lang='lat'><strong>²5</strong></span> 
     </span>
     <span class='ocr_line' id='line_1_3' title="bbox 1353 301 1485 331; baseline 0.008 -2"><span class='ocrx_word' id='word_1_17' title='bbox 1353 301 1412 330; x_wconf 82' lang='lat' dir='ltr'><strong>sta</strong></span> <span class='ocrx_word' id='word_1_18' title='bbox 1433 306 1485 331; x_wconf 84' lang='lat' dir='ltr'><strong>es.</strong></span> 
     </span>
     <span class='ocr_line' id='line_1_4' title="bbox 153 355 1491 409; baseline 0.001 -15"><span class='ocrx_word' id='word_1_19' title='bbox 153 357 326 394; x_wconf 82' lang='lat' dir='ltr'>PH1LOL.</span> <span class='ocrx_word' id='word_1_20' title='bbox 357 355 454 406; x_wconf 89' lang='lat' dir='ltr'><strong>quid</strong></span> <span class='ocrx_word' id='word_1_21' title='bbox 484 355 552 402; x_wconf 84' lang='lat' dir='ltr'><strong>ais,</strong></span> <span class='ocrx_word' id='word_1_22' title='bbox 584 357 780 395; x_wconf 81' lang='lat' dir='ltr'><strong>scelesta?</strong></span> <span class='ocrx_word' id='word_1_23' title='bbox 817 369 898 406; x_wconf 87' lang='lat' dir='ltr'><strong>quo</strong></span> <span class='ocrx_word' id='word_1_24' title='bbox 929 357 1050 395; x_wconf 88' lang='lat' dir='ltr'><strong>modo</strong></span> <span class='ocrx_word' id='word_1_25' title='bbox 1079 356 1296 395; x_wconf 76' lang='lat' dir='ltr'><strong>adiurasti?</strong></span> <span class='ocrx_word' id='word_1_26' title='bbox 1335 357 1387 396; x_wconf 79' lang='lat' dir='ltr'><strong>ita</strong></span> <span class='ocrx_word' id='word_1_27' title='bbox 1417 372 1491 409; x_wconf 79' lang='lat' dir='ltr'><strong>ego</strong></span> 
     </span>
     <span class='ocr_line' id='line_1_5' title="bbox 1151 422 1490 461; baseline 0.003 -1"><span class='ocrx_word' id='word_1_28' title='bbox 1151 422 1265 461; x_wconf 85' lang='lat' dir='ltr'><strong>istam</strong></span> <span class='ocrx_word' id='word_1_29' title='bbox 1286 437 1458 461; x_wconf 77' lang='lat' dir='ltr'><strong>amarem</strong></span> <span class='ocrx_word' id='word_1_30' title='bbox 1473 425 1490 461; x_wconf 92' lang='lat'>?</span> 
     </span>
     <span class='ocr_line' id='line_1_6' title="bbox 151 485 1486 537; baseline 0.001 -12"><span class='ocrx_word' id='word_1_31' title='bbox 151 486 247 537; x_wconf 89' lang='lat' dir='ltr'><strong>quid</strong></span> <span class='ocrx_word' id='word_1_32' title='bbox 269 485 389 525; x_wconf 75' lang='lat' dir='ltr'><strong>istaec</strong></span> <span class='ocrx_word' id='word_1_33' title='bbox 410 500 486 534; x_wconf 88' lang='lat' dir='ltr'><strong>me,</strong></span> <span class='ocrx_word' id='word_1_34' title='bbox 504 487 545 526; x_wconf 89' lang='lat' dir='ltr'><strong>id</strong></span> <span class='ocrx_word' id='word_1_35' title='bbox 567 501 640 537; x_wconf 89' lang='lat' dir='ltr'><strong>qur</strong></span> <span class='ocrx_word' id='word_1_36' title='bbox 659 501 740 526; x_wconf 89' lang='lat' dir='ltr'><strong>non</strong></span> <span class='ocrx_word' id='word_1_37' title='bbox 761 487 942 526; x_wconf 79' lang='lat' dir='ltr'><strong>additum</strong></span> <span class='ocrx_word' id='word_1_38' title='bbox 965 489 1052 526; x_wconf 89' lang='lat' dir='ltr'><strong>est?</strong></span> <span class='ocrx_word' id='word_1_39' title='bbox 1082 486 1226 526; x_wconf 79' lang='lat' dir='ltr'><strong>insecta</strong></span> <span class='ocrx_word' id='word_1_40' title='bbox 1247 490 1353 527; x_wconf 81' lang='lat' dir='ltr'><strong>dona</strong></span> <span class='ocrx_word' id='word_1_41' title='bbox 1375 488 1486 527; x_wconf 81' lang='lat' dir='ltr'><strong>facio.</strong></span> 
     </span>
     <span class='ocr_line' id='line_1_7' title="bbox 67 551 1198 603; baseline 0.002 -14"><span class='ocrx_word' id='word_1_42' title='bbox 67 553 129 599; x_wconf 87' lang='lat'><strong>185</strong></span> <span class='ocrx_word' id='word_1_43' title='bbox 150 551 321 602; x_wconf 90' lang='lat' dir='ltr'><strong>periisti:</strong></span> <span class='ocrx_word' id='word_1_44' title='bbox 352 553 461 602; x_wconf 90' lang='lat' dir='ltr'><strong>quod</strong></span> <span class='ocrx_word' id='word_1_45' title='bbox 482 552 739 603; x_wconf 78' lang='lat' dir='ltr'>promiseram</span> <span class='ocrx_word' id='word_1_46' title='bbox 761 552 831 590; x_wconf 85' lang='lat' dir='ltr'>tibi</span> <span class='ocrx_word' id='word_1_47' title='bbox 852 553 961 590; x_wconf 87' lang='lat' dir='ltr'><strong>dono</strong></span> <span class='ocrx_word' id='word_1_48' title='bbox 982 552 1198 602; x_wconf 80' lang='lat' dir='ltr'>perdidisti.</span> 
     </span>
     <span class='ocr_line' id='line_1_8' title="bbox 151 616 1490 668; baseline 0.002 -13"><span class='ocrx_word' id='word_1_49' title='bbox 151 618 214 656; x_wconf 89' lang='lat' dir='ltr'><strong>Sc.</strong></span> <span class='ocrx_word' id='word_1_50' title='bbox 247 616 434 667; x_wconf 81' lang='lat' dir='ltr'>equidem</span> <span class='ocrx_word' id='word_1_51' title='bbox 464 618 531 668; x_wconf 91' lang='lat' dir='ltr'><strong>pol</strong></span> <span class='ocrx_word' id='word_1_52' title='bbox 559 617 679 656; x_wconf 85' lang='lat' dir='ltr'><strong>miror</strong></span> <span class='ocrx_word' id='word_1_53' title='bbox 704 624 784 655; x_wconf 84' lang='lat' dir='ltr'><strong>tam</strong></span> <span class='ocrx_word' id='word_1_54' title='bbox 811 625 952 665; x_wconf 86' lang='lat' dir='ltr'><strong>catam,</strong></span> <span class='ocrx_word' id='word_1_55' title='bbox 975 625 1055 656; x_wconf 83' lang='lat' dir='ltr'><strong>tam</strong></span> <span class='ocrx_word' id='word_1_56' title='bbox 1080 619 1240 657; x_wconf 81' lang='lat' dir='ltr'><strong>doctam</strong></span> <span class='ocrx_word' id='word_1_57' title='bbox 1269 627 1307 658; x_wconf 92' lang='lat' dir='ltr'><strong>te</strong></span> <span class='ocrx_word' id='word_1_58' title='bbox 1328 627 1366 658; x_wconf 91' lang='lat' dir='ltr'><strong>et</strong></span> <span class='ocrx_word' id='word_1_59' title='bbox 1387 620 1490 658; x_wconf 88' lang='lat' dir='ltr'><strong>bene</strong></span> 
     </span>
     <span class='ocr_line' id='line_1_9' title="bbox 1302 686 1488 723; baseline 0 0"><span class='ocrx_word' id='word_1_60' title='bbox 1302 686 1488 723; x_wconf 80' lang='lat' dir='ltr'><strong>eductam</strong></span> 
     </span>
     <span class='ocr_line' id='line_1_10' title="bbox 150 747 1552 800; baseline 0 -14"><span class='ocrx_word' id='word_1_61' title='bbox 150 761 256 786; x_wconf 88' lang='lat' dir='ltr'><strong>nunc</strong></span> <span class='ocrx_word' id='word_1_62' title='bbox 296 749 455 786; x_wconf 84' lang='lat' dir='ltr'>stultam</span> <span class='ocrx_word' id='word_1_63' title='bbox 487 749 605 786; x_wconf 88' lang='lat' dir='ltr'><strong>stulte</strong></span> <span class='ocrx_word' id='word_1_64' title='bbox 634 749 771 786; x_wconf 80' lang='lat' dir='ltr'><strong>facere.</strong></span> <span class='ocrx_word' id='word_1_65' title='bbox 834 750 1015 786; x_wconf 73' lang='lat' dir='ltr'><strong>PfflLEM.</strong></span> <span class='ocrx_word' id='word_1_66' title='bbox 1049 747 1145 798; x_wconf 87' lang='lat' dir='ltr'><strong>quin</strong></span> <span class='ocrx_word' id='word_1_67' title='bbox 1176 762 1296 788; x_wconf 90' lang='lat' dir='ltr'><strong>mone</strong></span> <span class='ocrx_word' id='word_1_68' title='bbox 1327 749 1485 800; x_wconf 78' lang='lat' dir='ltr'><strong>quaeso,</strong></span> <span class='ocrx_word' id='word_1_69' title='bbox 1512 763 1552 794; x_wconf 85' lang='lat'><strong>30</strong></span> 
     </span>
     <span class='ocr_line' id='line_1_11' title="bbox 1218 814 1485 864; baseline 0.004 -12"><span class='ocrx_word' id='word_1_70' title='bbox 1218 814 1248 852; x_wconf 93' lang='lat' dir='ltr'><strong>si</strong></span> <span class='ocrx_word' id='word_1_71' title='bbox 1271 814 1367 864; x_wconf 87' lang='lat' dir='ltr'><strong>quid</strong></span> <span class='ocrx_word' id='word_1_72' title='bbox 1389 828 1485 853; x_wconf 90' lang='lat' dir='ltr'><strong>erro.</strong></span> 
     </span>
     <span class='ocr_line' id='line_1_12' title="bbox 150 878 1490 930; baseline 0.001 -12"><span class='ocrx_word' id='word_1_73' title='bbox 150 879 212 918; x_wconf 88' lang='lat' dir='ltr'><strong>Sc.</strong></span> <span class='ocrx_word' id='word_1_74' title='bbox 245 886 287 918; x_wconf 88' lang='lat' dir='ltr'><strong>tu</strong></span> <span class='ocrx_word' id='word_1_75' title='bbox 304 886 457 918; x_wconf 85' lang='lat' dir='ltr'>ecastor</span> <span class='ocrx_word' id='word_1_76' title='bbox 473 892 576 918; x_wconf 82' lang='lat' dir='ltr'><strong>erras</strong></span> <span class='ocrx_word' id='word_1_77' title='bbox 590 892 692 929; x_wconf 83' lang='lat' dir='ltr'><strong>quae</strong></span> <span class='ocrx_word' id='word_1_78' title='bbox 706 878 869 929; x_wconf 87' lang='lat' dir='ltr'><strong>quidem</strong></span> <span class='ocrx_word' id='word_1_79' title='bbox 884 878 994 917; x_wconf 88' lang='lat' dir='ltr'><strong>illurn</strong></span> <span class='ocrx_word' id='word_1_80' title='bbox 1011 887 1215 930; x_wconf 81' lang='lat' dir='ltr'><strong>exspectes</strong></span> <span class='ocrx_word' id='word_1_81' title='bbox 1230 893 1354 918; x_wconf 89' lang='lat' dir='ltr'><strong>unum</strong></span> <span class='ocrx_word' id='word_1_82' title='bbox 1370 887 1490 930; x_wconf 81' lang='lat' dir='ltr'><strong>atque</strong></span> 
     </span>
     <span class='ocr_line' id='line_1_13' title="bbox 1435 945 1490 984; baseline 0 0"><span class='ocrx_word' id='word_1_83' title='bbox 1435 945 1490 984; x_wconf 90' lang='lat' dir='ltr'><strong>illi</strong></span> 
     </span>
     <span class='ocr_line' id='line_1_14' title="bbox 149 1010 1245 1061; baseline 0 -12"><span class='ocrx_word' id='word_1_84' title='bbox 149 1023 301 1049; x_wconf 91' lang='lat' dir='ltr'><strong>morem</strong></span> <span class='ocrx_word' id='word_1_85' title='bbox 322 1010 534 1061; x_wconf 87' lang='lat' dir='ltr'><strong>praecipue</strong></span> <span class='ocrx_word' id='word_1_86' title='bbox 554 1010 610 1049; x_wconf 91' lang='lat' dir='ltr'><strong>sic</strong></span> <span class='ocrx_word' id='word_1_87' title='bbox 629 1024 739 1061; x_wconf 84' lang='lat' dir='ltr'><strong>geras</strong></span> <span class='ocrx_word' id='word_1_88' title='bbox 759 1017 879 1061; x_wconf 84' lang='lat' dir='ltr'><strong>atque</strong></span> <span class='ocrx_word' id='word_1_89' title='bbox 899 1010 997 1049; x_wconf 82' lang='lat' dir='ltr'><strong>alios</strong></span> <span class='ocrx_word' id='word_1_90' title='bbox 1017 1011 1245 1061; x_wconf 82' lang='lat' dir='ltr'><strong>asperneris.</strong></span> 
     </span>
     <span class='ocr_line' id='line_1_15' title="bbox 65 1075 1422 1123; baseline 0.002 -10"><span class='ocrx_word' id='word_1_91' title='bbox 65 1085 132 1122; x_wconf 89' lang='lat'><strong>190</strong></span> <span class='ocrx_word' id='word_1_92' title='bbox 150 1083 364 1123; x_wconf 83' lang='lat' dir='ltr'><strong>matronae,</strong></span> <span class='ocrx_word' id='word_1_93' title='bbox 388 1089 470 1114; x_wconf 91' lang='lat' dir='ltr'><strong>non</strong></span> <span class='ocrx_word' id='word_1_94' title='bbox 491 1075 755 1114; x_wconf 89' lang='lat' dir='ltr'><strong>meretricium</strong></span> <span class='ocrx_word' id='word_1_95' title='bbox 776 1083 835 1114; x_wconf 84' lang='lat' dir='ltr'><strong>est</strong></span> <span class='ocrx_word' id='word_1_96' title='bbox 855 1090 980 1114; x_wconf 91' lang='lat' dir='ltr'><strong>unum</strong></span> <span class='ocrx_word' id='word_1_97' title='bbox 1000 1076 1189 1115; x_wconf 89' lang='lat' dir='ltr'><strong>inseruire</strong></span> <span class='ocrx_word' id='word_1_98' title='bbox 1209 1085 1422 1116; x_wconf 83' lang='lat' dir='ltr'><strong>amantem.</strong></span> 
     </span>
     <span class='ocr_line' id='line_1_16' title="bbox 151 1140 1489 1192; baseline 0.002 -13"><span class='ocrx_word' id='word_1_99' title='bbox 151 1142 324 1179; x_wconf 81' lang='lat' dir='ltr'>PH1LOL.</span> <span class='ocrx_word' id='word_1_100' title='bbox 356 1154 428 1191; x_wconf 91' lang='lat' dir='ltr'><strong>pro</strong></span> <span class='ocrx_word' id='word_1_101' title='bbox 464 1140 665 1192; x_wconf 73' lang='lat' dir='ltr'><strong>Iuppiter!</strong></span> <span class='ocrx_word' id='word_1_102' title='bbox 706 1154 799 1180; x_wconf 83' lang='lat' dir='ltr'><strong>nam</strong></span> <span class='ocrx_word' id='word_1_103' title='bbox 831 1143 940 1192; x_wconf 86' lang='lat' dir='ltr'><strong>quod</strong></span> <span class='ocrx_word' id='word_1_104' title='bbox 976 1143 1123 1180; x_wconf 83' lang='lat' dir='ltr'><strong>malum</strong></span> <span class='ocrx_word' id='word_1_105' title='bbox 1159 1150 1338 1181; x_wconf 84' lang='lat' dir='ltr'><strong>uorsatur</strong></span> <span class='ocrx_word' id='word_1_106' title='bbox 1376 1157 1489 1182; x_wconf 82' lang='lat' dir='ltr'><strong>meae</strong></span> 
     </span>
     <span class='ocr_line' id='line_1_17' title="bbox 1230 1209 1489 1248; baseline 0.004 -1"><span class='ocrx_word' id='word_1_107' title='bbox 1230 1209 1341 1247; x_wconf 88' lang='lat' dir='ltr'><strong>domi</strong></span> <span class='ocrx_word' id='word_1_108' title='bbox 1362 1209 1489 1248; x_wconf 89' lang='lat' dir='ltr'><strong>illud?</strong></span> 
     </span>
     <span class='ocr_line' id='line_1_18' title="bbox 149 1271 1551 1327; baseline 0.001 -16"><span class='ocrx_word' id='word_1_109' title='bbox 149 1271 190 1311; x_wconf 90' lang='lat' dir='ltr'><strong>di</strong></span> <span class='ocrx_word' id='word_1_110' title='bbox 211 1273 391 1324; x_wconf 82' lang='lat' dir='ltr'><strong>deaeque</strong></span> <span class='ocrx_word' id='word_1_111' title='bbox 411 1286 550 1312; x_wconf 89' lang='lat' dir='ltr'><strong>omnes</strong></span> <span class='ocrx_word' id='word_1_112' title='bbox 572 1287 636 1312; x_wconf 90' lang='lat' dir='ltr'><strong>me</strong></span> <span class='ocrx_word' id='word_1_113' title='bbox 656 1273 850 1324; x_wconf 86' lang='lat' dir='ltr'><strong>pessumis</strong></span> <span class='ocrx_word' id='word_1_114' title='bbox 873 1274 1064 1324; x_wconf 84' lang='lat' dir='ltr'><strong>exemplis</strong></span> <span class='ocrx_word' id='word_1_115' title='bbox 1086 1274 1334 1322; x_wconf 84' lang='lat' dir='ltr'><strong>interficiant,</strong></span> <span class='ocrx_word' id='word_1_116' title='bbox 1511 1296 1551 1327; x_wconf 83' lang='lat'><strong>35</strong></span> 
     </span>
     <span class='ocr_line' id='line_1_19' title="bbox 148 1326 1392 1392; baseline 0.003 -16"><span class='ocrx_word' id='word_1_117' title='bbox 148 1337 224 1376; x_wconf 89' lang='lat' dir='ltr'><strong>nisi</strong></span> <span class='ocrx_word' id='word_1_118' title='bbox 244 1351 318 1389; x_wconf 88' lang='lat' dir='ltr'><strong>ego</strong></span> <span class='ocrx_word' id='word_1_119' title='bbox 338 1338 446 1377; x_wconf 84' lang='lat' dir='ltr'><strong>illam</strong></span> <span class='ocrx_word' id='word_1_120' title='bbox 465 1352 587 1377; x_wconf 83' lang='lat' dir='ltr'><strong>anum</strong></span> <span class='ocrx_word' id='word_1_121' title='bbox 608 1326 841 1378; x_wconf 82' lang='lat' dir='ltr'><strong>interfecero</strong></span> <span class='ocrx_word' id='word_1_122' title='bbox 862 1339 924 1378; x_wconf 89' lang='lat' dir='ltr'><strong>siti</strong></span> <span class='ocrx_word' id='word_1_123' title='bbox 947 1341 1131 1390; x_wconf 76' lang='lat' dir='ltr'><strong>fameque</strong></span> <span class='ocrx_word' id='word_1_124' title='bbox 1152 1348 1271 1391; x_wconf 84' lang='lat' dir='ltr'><strong>atque</strong></span> <span class='ocrx_word' id='word_1_125' title='bbox 1291 1342 1392 1392; x_wconf 83' lang='lat' dir='ltr'><strong>algu.</strong></span> 
     </span>
     <span class='ocr_line' id='line_1_20' title="bbox 151 1403 1485 1457; baseline 0.002 -15"><span class='ocrx_word' id='word_1_126' title='bbox 151 1405 334 1442; x_wconf 79' lang='lat' dir='ltr'>PHILEM.</span> <span class='ocrx_word' id='word_1_127' title='bbox 366 1405 460 1443; x_wconf 89' lang='lat' dir='ltr'><strong>nolo</strong></span> <span class='ocrx_word' id='word_1_128' title='bbox 490 1417 564 1455; x_wconf 86' lang='lat' dir='ltr'><strong>ego</strong></span> <span class='ocrx_word' id='word_1_129' title='bbox 591 1403 687 1442; x_wconf 88' lang='lat' dir='ltr'><strong>mihi</strong></span> <span class='ocrx_word' id='word_1_130' title='bbox 715 1406 817 1443; x_wconf 84' lang='lat' dir='ltr'><strong>male</strong></span> <span class='ocrx_word' id='word_1_131' title='bbox 845 1412 893 1452; x_wconf 86' lang='lat' dir='ltr'><strong>te,</strong></span> <span class='ocrx_word' id='word_1_132' title='bbox 927 1406 1094 1456; x_wconf 65' lang='lat' dir='ltr'><strong>Scaphzi,</strong></span> <span class='ocrx_word' id='word_1_133' title='bbox 1125 1406 1362 1457; x_wconf 82' lang='lat' dir='ltr'><strong>praecipere.</strong></span> <span class='ocrx_word' id='word_1_134' title='bbox 1423 1408 1485 1445; x_wconf 86' lang='lat' dir='ltr'><strong>Sc.</strong></span> 
     </span>
     <span class='ocr_line' id='line_1_21' title="bbox 1172 1474 1490 1523; baseline 0 -13"><span class='ocrx_word' id='word_1_135' title='bbox 1172 1474 1290 1510; x_wconf 82' lang='lat' dir='ltr'><strong>stulta</strong></span> <span class='ocrx_word' id='word_1_136' title='bbox 1311 1486 1351 1511; x_wconf 90' lang='lat' dir='ltr'><strong>es</strong></span> <span class='ocrx_word' id='word_1_137' title='bbox 1372 1474 1490 1523; x_wconf 83' lang='lat' dir='ltr'><strong>plane</strong></span> 
     </span>
     <span class='ocr_line' id='line_1_22' title="bbox 66 1534 1486 1586; baseline 0.002 -13"><span class='ocrx_word' id='word_1_138' title='bbox 66 1545 128 1583; x_wconf 84' lang='lat'><strong>195</strong></span> <span class='ocrx_word' id='word_1_139' title='bbox 150 1548 252 1585; x_wconf 82' lang='lat' dir='ltr'><strong>quae</strong></span> <span class='ocrx_word' id='word_1_140' title='bbox 269 1534 379 1573; x_wconf 90' lang='lat' dir='ltr'><strong>illum</strong></span> <span class='ocrx_word' id='word_1_141' title='bbox 394 1535 465 1574; x_wconf 89' lang='lat' dir='ltr'><strong>tibi</strong></span> <span class='ocrx_word' id='word_1_142' title='bbox 481 1542 685 1574; x_wconf 85' lang='lat' dir='ltr'><strong>aeternum</strong></span> <span class='ocrx_word' id='word_1_143' title='bbox 702 1543 816 1586; x_wconf 86' lang='lat' dir='ltr'><strong>putes</strong></span> <span class='ocrx_word' id='word_1_144' title='bbox 831 1537 912 1575; x_wconf 83' lang='lat' dir='ltr'><strong>fore</strong></span> <span class='ocrx_word' id='word_1_145' title='bbox 925 1536 1098 1575; x_wconf 84' lang='lat' dir='ltr'><strong>amicum</strong></span> <span class='ocrx_word' id='word_1_146' title='bbox 1116 1545 1154 1575; x_wconf 93' lang='lat' dir='ltr'><strong>et</strong></span> <span class='ocrx_word' id='word_1_147' title='bbox 1167 1537 1486 1576; x_wconf 86' lang='lat' dir='ltr'><strong>beneuolentem.</strong></span> 
     </span>
     <span class='ocr_line' id='line_1_23' title="bbox 150 1601 1219 1651; baseline 0.003 -13"><span class='ocrx_word' id='word_1_148' title='bbox 150 1614 297 1639; x_wconf 89' lang='lat' dir='ltr'><strong>moneo</strong></span> <span class='ocrx_word' id='word_1_149' title='bbox 317 1614 391 1651; x_wconf 86' lang='lat' dir='ltr'><strong>ego</strong></span> <span class='ocrx_word' id='word_1_150' title='bbox 412 1608 450 1639; x_wconf 89' lang='lat' dir='ltr'><strong>te</strong></span> <span class='ocrx_word' id='word_1_151' title='bbox 467 1617 473 1639; x_wconf 93' lang='lat'>:</span> <span class='ocrx_word' id='word_1_152' title='bbox 504 1609 542 1639; x_wconf 92' lang='lat' dir='ltr'><strong>te</strong></span> <span class='ocrx_word' id='word_1_153' title='bbox 563 1601 627 1639; x_wconf 94' lang='lat' dir='ltr'><strong>ille</strong></span> <span class='ocrx_word' id='word_1_154' title='bbox 648 1602 802 1640; x_wconf 86' lang='lat' dir='ltr'><strong>deseret</strong></span> <span class='ocrx_word' id='word_1_155' title='bbox 821 1609 950 1640; x_wconf 81' lang='lat' dir='ltr'><strong>aetate</strong></span> <span class='ocrx_word' id='word_1_156' title='bbox 971 1610 1009 1641; x_wconf 84' lang='lat' dir='ltr'><strong>et</strong></span> <span class='ocrx_word' id='word_1_157' title='bbox 1030 1602 1219 1641; x_wconf 82' lang='lat' dir='ltr'><strong>satietate.</strong></span> 
     </span>
     <span class='ocr_line' id='line_1_24' title="bbox 151 1666 1550 1721; baseline 0.004 -18"><span class='ocrx_word' id='word_1_158' title='bbox 151 1667 333 1704; x_wconf 76' lang='lat' dir='ltr'>PHILEM.</span> <span class='ocrx_word' id='word_1_159' title='bbox 366 1679 447 1704; x_wconf 87' lang='lat' dir='ltr'><strong>non</strong></span> <span class='ocrx_word' id='word_1_160' title='bbox 487 1679 612 1716; x_wconf 89' lang='lat' dir='ltr'><strong>spero.</strong></span> <span class='ocrx_word' id='word_1_161' title='bbox 674 1667 737 1705; x_wconf 86' lang='lat' dir='ltr'><strong>Sc.</strong></span> <span class='ocrx_word' id='word_1_162' title='bbox 769 1666 967 1717; x_wconf 82' lang='lat' dir='ltr'><strong>insperata</strong></span> <span class='ocrx_word' id='word_1_163' title='bbox 999 1667 1188 1706; x_wconf 85' lang='lat' dir='ltr'><strong>accidunt</strong></span> <span class='ocrx_word' id='word_1_164' title='bbox 1223 1668 1336 1719; x_wconf 84' lang='lat' dir='ltr'><strong>magi&#39;</strong></span> <span class='ocrx_word' id='word_1_165' title='bbox 1371 1682 1488 1719; x_wconf 80' lang='lat' dir='ltr'><strong>saepe</strong></span> <span class='ocrx_word' id='word_1_166' title='bbox 1507 1688 1550 1721; x_wconf 89' lang='lat'><strong>40</strong></span> 
     </span>
     <span class='ocr_line' id='line_1_25' title="bbox 1079 1747 1486 1785; baseline 0.005 -14"><span class='ocrx_word' id='word_1_167' title='bbox 1079 1747 1199 1783; x_wconf 82' lang='lat' dir='ltr'><strong>quarn</strong></span> <span class='ocrx_word' id='word_1_168' title='bbox 1220 1747 1322 1784; x_wconf 84' lang='lat' dir='ltr'><strong>quae</strong></span> <span class='ocrx_word' id='word_1_169' title='bbox 1343 1748 1486 1785; x_wconf 88' lang='lat' dir='ltr'><strong>speres.</strong></span> 
     </span>
     <span class='ocr_line' id='line_1_26' title="bbox 150 1796 1356 1848; baseline 0.003 -14"><span class='ocrx_word' id='word_1_170' title='bbox 150 1804 364 1848; x_wconf 88' lang='lat' dir='ltr'><strong>postremo,</strong></span> <span class='ocrx_word' id='word_1_171' title='bbox 387 1796 419 1834; x_wconf 92' lang='lat' dir='ltr'><strong>si</strong></span> <span class='ocrx_word' id='word_1_172' title='bbox 439 1796 555 1835; x_wconf 89' lang='lat' dir='ltr'><strong>dictis</strong></span> <span class='ocrx_word' id='word_1_173' title='bbox 577 1797 717 1847; x_wconf 83' lang='lat' dir='ltr'><strong>nequis</strong></span> <span class='ocrx_word' id='word_1_174' title='bbox 738 1797 902 1848; x_wconf 89' lang='lat' dir='ltr'><strong>perduci</strong></span> <span class='ocrx_word' id='word_1_175' title='bbox 923 1805 965 1836; x_wconf 87' lang='lat' dir='ltr'><strong>ut</strong></span> <span class='ocrx_word' id='word_1_176' title='bbox 986 1811 1079 1836; x_wconf 82' lang='lat' dir='ltr'><strong>uera</strong></span> <span class='ocrx_word' id='word_1_177' title='bbox 1100 1800 1198 1837; x_wconf 83' lang='lat' dir='ltr'><strong>haec</strong></span> <span class='ocrx_word' id='word_1_178' title='bbox 1219 1801 1356 1838; x_wconf 80' lang='lat' dir='ltr'><strong>credas</strong></span> 
     </span>
     <span class='ocr_line' id='line_1_27' title="bbox 153 1862 1490 1915; baseline 0.002 -14"><span class='ocrx_word' id='word_1_179' title='bbox 153 1875 241 1901; x_wconf 86' lang='lat' dir='ltr'><strong>mea</strong></span> <span class='ocrx_word' id='word_1_180' title='bbox 261 1862 377 1910; x_wconf 84' lang='lat' dir='ltr'><strong>dicta,</strong></span> <span class='ocrx_word' id='word_1_181' title='bbox 401 1876 447 1901; x_wconf 82' lang='lat' dir='ltr'><strong>ex</strong></span> <span class='ocrx_word' id='word_1_182' title='bbox 477 1862 588 1901; x_wconf 83' lang='lat' dir='ltr'><strong>sactis</strong></span> <span class='ocrx_word' id='word_1_183' title='bbox 619 1876 739 1901; x_wconf 90' lang='lat' dir='ltr'><strong>nosce</strong></span> <span class='ocrx_word' id='word_1_184' title='bbox 769 1876 862 1902; x_wconf 88' lang='lat' dir='ltr'><strong>rem.</strong></span> <span class='ocrx_word' id='word_1_185' title='bbox 923 1863 1036 1902; x_wconf 91' lang='lat' dir='ltr'><strong>uides</strong></span> <span class='ocrx_word' id='word_1_186' title='bbox 1063 1864 1164 1914; x_wconf 76' lang='lat' dir='ltr'><strong>quae</strong></span> <span class='ocrx_word' id='word_1_187' title='bbox 1192 1864 1265 1902; x_wconf 86' lang='lat' dir='ltr'><strong>sim</strong></span> <span class='ocrx_word' id='word_1_188' title='bbox 1324 1873 1361 1903; x_wconf 89' lang='lat' dir='ltr'><strong>et</strong></span> <span class='ocrx_word' id='word_1_189' title='bbox 1389 1879 1490 1915; x_wconf 82' lang='lat' dir='ltr'><strong>quae</strong></span> 
     </span>
     <span class='ocr_line' id='line_1_28' title="bbox 1300 1930 1478 1972; baseline 0.017 -4"><span class='ocrx_word' id='word_1_190' title='bbox 1300 1930 1353 1968; x_wconf 85' lang='lat' dir='ltr'><strong>fui</strong></span> <span class='ocrx_word' id='word_1_191' title='bbox 1375 1939 1478 1972; x_wconf 81' lang='lat' dir='ltr'><strong>ante.</strong></span> 
     </span>
     <span class='ocr_line' id='line_1_29' title="bbox 64 1993 1335 2044; baseline 0.002 -12"><span class='ocrx_word' id='word_1_192' title='bbox 64 2003 135 2029; x_wconf 89' lang='lat'><strong>200</strong></span> <span class='ocrx_word' id='word_1_193' title='bbox 152 1993 277 2032; x_wconf 86' lang='lat' dir='ltr'>nihilo</span> <span class='ocrx_word' id='word_1_194' title='bbox 298 2006 372 2044; x_wconf 87' lang='lat' dir='ltr'><strong>ego</strong></span> <span class='ocrx_word' id='word_1_195' title='bbox 392 2007 512 2044; x_wconf 84' lang='lat' dir='ltr'><strong>quarn</strong></span> <span class='ocrx_word' id='word_1_196' title='bbox 534 2007 640 2033; x_wconf 84' lang='lat' dir='ltr'><strong>nunc</strong></span> <span class='ocrx_word' id='word_1_197' title='bbox 661 2001 702 2033; x_wconf 88' lang='lat' dir='ltr'><strong>tu</strong></span> <span class='ocrx_word' id='word_1_198' title='bbox 762 2008 780 2028; x_wconf 88' lang='lat'><em>*</em></span> <span class='ocrx_word' id='word_1_199' title='bbox 841 2009 860 2030; x_wconf 87' lang='lat'><em>*</em></span> <span class='ocrx_word' id='word_1_200' title='bbox 920 2008 938 2028; x_wconf 80' lang='lat'><em>*</em></span> <span class='ocrx_word' id='word_1_201' title='bbox 1000 2008 1017 2029; x_wconf 90' lang='lat'><em>*</em></span> <span class='ocrx_word' id='word_1_202' title='bbox 1079 2010 1097 2030; x_wconf 84' lang='lat'><strong><em>*</em></strong></span> <span class='ocrx_word' id='word_1_203' title='bbox 1158 2009 1176 2029; x_wconf 80' lang='lat'><em>*</em></span> <span class='ocrx_word' id='word_1_204' title='bbox 1238 2011 1255 2031; x_wconf 76' lang='lat'>*</span> <span class='ocrx_word' id='word_1_205' title='bbox 1317 2010 1335 2030; x_wconf 80' lang='lat'><em>*</em></span> 
     </span>
    </p>
   </div>
   <div class='ocr_carea' id='block_1_3' title="bbox 154 2098 1491 2448">
    <p class='ocr_par' dir='ltr' id='par_1_3' title="bbox 154 2098 1491 2448">
     <span class='ocr_line' id='line_1_30' title="bbox 198 2098 1490 2141; baseline 0.002 -11"><span class='ocrx_word' id='word_1_206' title='bbox 198 2100 258 2140; x_wconf 88' lang='lat'><strong>184</strong></span> <span class='ocrx_word' id='word_1_207' title='bbox 283 2110 363 2131; x_wconf 85' lang='lat' dir='ltr'><strong>cura</strong></span> <span class='ocrx_word' id='word_1_208' title='bbox 379 2098 446 2131; x_wconf 88' lang='lat' dir='ltr'><strong>cod.</strong></span> <span class='ocrx_word' id='word_1_209' title='bbox 468 2102 560 2141; x_wconf 70' lang='lat' dir='ltr'><em>(corr.</em></span> <span class='ocrx_word' id='word_1_210' title='bbox 584 2098 645 2141; x_wconf 56' lang='grc' dir='ltr'><strong>ΒΞ)</strong></span> <span class='ocrx_word' id='word_1_211' title='bbox 757 2100 817 2140; x_wconf 86' lang='lat'><strong>185</strong></span> <span class='ocrx_word' id='word_1_212' title='bbox 840 2100 928 2131; x_wconf 89' lang='lat' dir='ltr'><strong>dona</strong></span> <span class='ocrx_word' id='word_1_213' title='bbox 951 2100 1016 2131; x_wconf 89' lang='lat' dir='ltr'><strong>cod.</strong></span> <span class='ocrx_word' id='word_1_214' title='bbox 1041 2102 1132 2137; x_wconf 64' lang='lat' dir='ltr'><strong>(corr.</strong></span> <span class='ocrx_word' id='word_1_215' title='bbox 1153 2100 1237 2140; x_wconf 40' lang='lat' dir='ltr'><strong>BQ:</strong></span> <span class='ocrx_word' id='word_1_216' title='bbox 1265 2101 1343 2131; x_wconf 87' lang='lat' dir='ltr'><strong>doni</strong></span> <span class='ocrx_word' id='word_1_217' title='bbox 1364 2101 1404 2139; x_wconf 66' lang='grc' dir='ltr'><strong>(ἒ)</strong></span> <span class='ocrx_word' id='word_1_218' title='bbox 1423 2100 1490 2132; x_wconf 82' lang='lat' dir='ltr'><strong>Leo</strong></span> 
     </span>
     <span class='ocr_line' id='line_1_31' title="bbox 155 2142 1488 2185; baseline 0 -10"><span class='ocrx_word' id='word_1_219' title='bbox 155 2144 217 2175; x_wconf 90' lang='lat'><strong>186</strong></span> <span class='ocrx_word' id='word_1_220' title='bbox 240 2148 348 2175; x_wconf 89' lang='lat' dir='ltr'><strong>catam</strong></span> <span class='ocrx_word' id='word_1_221' title='bbox 366 2143 471 2174; x_wconf 82' lang='lat' dir='ltr'><strong>Pius:</strong></span> <span class='ocrx_word' id='word_1_222' title='bbox 496 2148 628 2183; x_wconf 85' lang='lat' dir='ltr'><strong>captam</strong></span> <span class='ocrx_word' id='word_1_223' title='bbox 646 2142 710 2176; x_wconf 89' lang='lat' dir='ltr'><strong>cod.</strong></span> <span class='ocrx_word' id='word_1_224' title='bbox 826 2144 974 2185; x_wconf 89' lang='lat' dir='ltr'><strong>doctam]</strong></span> <span class='ocrx_word' id='word_1_225' title='bbox 994 2144 1139 2174; x_wconf 90' lang='lat' dir='ltr'><strong>docilem</strong></span> <span class='ocrx_word' id='word_1_226' title='bbox 1156 2143 1223 2174; x_wconf 83' lang='lat' dir='ltr'><strong>Leo</strong></span> <span class='ocrx_word' id='word_1_227' title='bbox 1333 2145 1488 2176; x_wconf 85' lang='lat' dir='ltr'><strong>eductam</strong></span> 
     </span>
     <span class='ocr_line' id='line_1_32' title="bbox 156 2187 1488 2229; baseline 0.001 -10"><span class='ocrx_word' id='word_1_228' title='bbox 156 2187 387 2219; x_wconf 74' lang='lat' dir='ltr'><strong>Camerarius:</strong></span> <span class='ocrx_word' id='word_1_229' title='bbox 413 2188 545 2218; x_wconf 88' lang='lat' dir='ltr'><strong>doctam</strong></span> <span class='ocrx_word' id='word_1_230' title='bbox 573 2187 639 2218; x_wconf 86' lang='lat' dir='ltr'><strong>cod.</strong></span> <span class='ocrx_word' id='word_1_231' title='bbox 798 2190 857 2228; x_wconf 90' lang='lat'><strong>187</strong></span> <span class='ocrx_word' id='word_1_232' title='bbox 882 2198 972 2219; x_wconf 87' lang='lat' dir='ltr'><strong>nunc</strong></span> <span class='ocrx_word' id='word_1_233' title='bbox 999 2187 1122 2219; x_wconf 70' lang='lat' dir='ltr'><strong>Bothe:</strong></span> <span class='ocrx_word' id='word_1_234' title='bbox 1157 2199 1223 2219; x_wconf 89' lang='lat' dir='ltr'><strong>non</strong></span> <span class='ocrx_word' id='word_1_235' title='bbox 1257 2187 1322 2220; x_wconf 85' lang='lat' dir='ltr'><em>cod.</em></span> <span class='ocrx_word' id='word_1_236' title='bbox 1353 2189 1421 2229; x_wconf 81' lang='lat' dir='ltr'><strong>(vii.</strong></span> <span class='ocrx_word' id='word_1_237' title='bbox 1453 2190 1488 2229; x_wconf 89' lang='lat'><strong>2)</strong></span> 
     </span>
     <span class='ocr_line' id='line_1_33' title="bbox 154 2231 1486 2273; baseline 0 -10"><span class='ocrx_word' id='word_1_238' title='bbox 154 2232 292 2263; x_wconf 83' lang='lat' dir='ltr'><strong>stultam</strong></span> <span class='ocrx_word' id='word_1_239' title='bbox 308 2232 371 2262; x_wconf 78' lang='lat'><strong>3²:</strong></span> <span class='ocrx_word' id='word_1_240' title='bbox 396 2236 447 2262; x_wconf 86' lang='lat' dir='ltr'><strong>sta</strong></span> <span class='ocrx_word' id='word_1_241' title='bbox 465 2231 473 2261; x_wconf 92' lang='lat' dir='ltr'><strong>i</strong></span> <span class='ocrx_word' id='word_1_242' title='bbox 491 2235 559 2262; x_wconf 88' lang='lat' dir='ltr'><strong>tam</strong></span> <span class='ocrx_word' id='word_1_243' title='bbox 575 2231 642 2263; x_wconf 86' lang='lat' dir='ltr'><strong>cod.</strong></span> <span class='ocrx_word' id='word_1_244' title='bbox 661 2233 695 2271; x_wconf 82' lang='lat' dir='ltr'><strong>(a</strong></span> <span class='ocrx_word' id='word_1_245' title='bbox 707 2237 769 2273; x_wconf 86' lang='lat' dir='ltr'><strong>pro</strong></span> <span class='ocrx_word' id='word_1_246' title='bbox 787 2243 806 2263; x_wconf 90' lang='lat' dir='ltr'><strong>u</strong></span> <span class='ocrx_word' id='word_1_247' title='bbox 823 2244 829 2269; x_wconf 87' lang='lat'><em>;</em></span> <span class='ocrx_word' id='word_1_248' title='bbox 854 2233 896 2262; x_wconf 86' lang='lat' dir='ltr'><strong>vi.</strong></span> <span class='ocrx_word' id='word_1_249' title='bbox 922 2233 951 2272; x_wconf 82' lang='grc' dir='ltr'><strong>ι)</strong></span> <span class='ocrx_word' id='word_1_250' title='bbox 1115 2233 1174 2271; x_wconf 89' lang='lat'><strong>189</strong></span> <span class='ocrx_word' id='word_1_251' title='bbox 1200 2242 1404 2272; x_wconf 84' lang='lat' dir='ltr'><strong>asperneres</strong></span> <span class='ocrx_word' id='word_1_252' title='bbox 1420 2233 1486 2264; x_wconf 87' lang='lat' dir='ltr'><strong>cod.</strong></span> 
     </span>
     <span class='ocr_line' id='line_1_34' title="bbox 157 2275 1490 2317; baseline 0.001 -11"><span class='ocrx_word' id='word_1_253' title='bbox 157 2276 233 2314; x_wconf 88' lang='lat' dir='ltr'><strong>(-ris</strong></span> <span class='ocrx_word' id='word_1_254' title='bbox 248 2275 310 2316; x_wconf 75' lang='lat'><strong>3²)</strong></span> <span class='ocrx_word' id='word_1_255' title='bbox 331 2277 426 2317; x_wconf 68' lang='lat' dir='ltr'><strong>(2pro</strong></span> <span class='ocrx_word' id='word_1_256' title='bbox 454 2277 520 2312; x_wconf 54' lang='lat' dir='ltr'><strong>we)</strong></span> <span class='ocrx_word' id='word_1_257' title='bbox 657 2286 715 2316; x_wconf 92' lang='lat'><strong>191</strong></span> <span class='ocrx_word' id='word_1_258' title='bbox 743 2277 831 2307; x_wconf 92' lang='lat' dir='ltr'><strong>domi</strong></span> <span class='ocrx_word' id='word_1_259' title='bbox 860 2276 940 2307; x_wconf 89' lang='lat' dir='ltr'><strong>illud</strong></span> <span class='ocrx_word' id='word_1_260' title='bbox 967 2276 1199 2307; x_wconf 79' lang='lat' dir='ltr'><strong>Camerarius:</strong></span> <span class='ocrx_word' id='word_1_261' title='bbox 1225 2277 1396 2307; x_wconf 87' lang='lat' dir='ltr'><strong>domillum</strong></span> <span class='ocrx_word' id='word_1_262' title='bbox 1423 2276 1490 2308; x_wconf 81' lang='lat' dir='ltr'><em>cod.</em></span> 
     </span>
     <span class='ocr_line' id='line_1_35' title="bbox 158 2319 1490 2361; baseline -0.001 -11"><span class='ocrx_word' id='word_1_263' title='bbox 158 2329 219 2359; x_wconf 88' lang='lat'><strong>192</strong></span> <span class='ocrx_word' id='word_1_264' title='bbox 243 2330 296 2350; x_wconf 88' lang='lat' dir='ltr'><strong>me</strong></span> <span class='ocrx_word' id='word_1_265' title='bbox 310 2329 429 2350; x_wconf 89' lang='lat' dir='ltr'><strong>omnes</strong></span> <span class='ocrx_word' id='word_1_266' title='bbox 443 2319 579 2357; x_wconf 64' lang='lat' dir='ltr'><strong>Rstsclzl,</strong></span> <span class='ocrx_word' id='word_1_267' title='bbox 597 2319 649 2350; x_wconf 84' lang='lat' dir='ltr'><strong>cui</strong></span> <span class='ocrx_word' id='word_1_268' title='bbox 663 2323 782 2350; x_wconf 77' lang='lat' dir='ltr'><strong>omnes</strong></span> <span class='ocrx_word' id='word_1_269' title='bbox 800 2329 854 2350; x_wconf 86' lang='lat' dir='ltr'><strong>me</strong></span> <span class='ocrx_word' id='word_1_270' title='bbox 871 2319 1014 2360; x_wconf 79' lang='lat' dir='ltr'><strong>displice!</strong></span> <span class='ocrx_word' id='word_1_271' title='bbox 1166 2331 1225 2359; x_wconf 87' lang='lat'><strong>¹94</strong></span> <span class='ocrx_word' id='word_1_272' title='bbox 1250 2322 1314 2351; x_wconf 88' lang='lat' dir='ltr'><strong>mei</strong></span> <span class='ocrx_word' id='word_1_273' title='bbox 1327 2320 1394 2352; x_wconf 81' lang='lat' dir='ltr'><strong>cod.</strong></span> <span class='ocrx_word' id='word_1_274' title='bbox 1414 2339 1415 2342; x_wconf 65' lang='lat'><em>=</em></span> <span class='ocrx_word' id='word_1_275' title='bbox 1428 2326 1490 2361; x_wconf 79' lang='lat' dir='ltr'><strong>pro</strong></span> 
     </span>
     <span class='ocr_line' id='line_1_36' title="bbox 155 2362 1491 2405; baseline 0.001 -11"><span class='ocrx_word' id='word_1_276' title='bbox 155 2363 246 2394; x_wconf 85' lang='lat' dir='ltr'><strong>mebi</strong></span> <span class='ocrx_word' id='word_1_277' title='bbox 264 2363 312 2394; x_wconf 82' lang='lat' dir='ltr'><strong>vel</strong></span> <span class='ocrx_word' id='word_1_278' title='bbox 326 2363 447 2396; x_wconf 75' lang='lat' dir='ltr'><strong>mehei.</strong></span> <span class='ocrx_word' id='word_1_279' title='bbox 467 2363 744 2403; x_wconf 73' lang='lat' dir='ltr'><strong>antiquaforma)</strong></span> <span class='ocrx_word' id='word_1_280' title='bbox 914 2374 974 2403; x_wconf 87' lang='lat'><strong>195</strong></span> <span class='ocrx_word' id='word_1_281' title='bbox 1000 2368 1099 2403; x_wconf 86' lang='lat' dir='ltr'><strong>putas</strong></span> <span class='ocrx_word' id='word_1_282' title='bbox 1116 2362 1190 2393; x_wconf 82' lang='lat' dir='ltr'><strong>PCD</strong></span> <span class='ocrx_word' id='word_1_283' title='bbox 1358 2375 1416 2405; x_wconf 88' lang='lat'><strong>197</strong></span> <span class='ocrx_word' id='word_1_284' title='bbox 1443 2364 1491 2395; x_wconf 82' lang='lat' dir='ltr'><strong>vel</strong></span> 
     </span>
     <span class='ocr_line' id='line_1_37' title="bbox 155 2406 824 2448; baseline 0 -10"><span class='ocrx_word' id='word_1_285' title='bbox 155 2417 252 2447; x_wconf 88' lang='lat' dir='ltr'><strong>mage</strong></span> <span class='ocrx_word' id='word_1_286' title='bbox 387 2416 447 2446; x_wconf 92' lang='lat'><strong>199</strong></span> <span class='ocrx_word' id='word_1_287' title='bbox 470 2411 503 2437; x_wconf 86' lang='lat' dir='ltr'><strong>et</strong></span> <span class='ocrx_word' id='word_1_288' title='bbox 520 2406 712 2448; x_wconf 83' lang='lat' dir='ltr'><strong>quae]sort.</strong></span> <span class='ocrx_word' id='word_1_289' title='bbox 733 2408 824 2448; x_wconf 89' lang='lat' dir='ltr'><strong>atqui</strong></span> 
     </span>
    </p>
   </div>
  </div>
 </body>
</html>
