1747 2740
651 130 944 171 POENVLVS
1381 128 1458 168 ΙΙΙ.
1482 133 1526 167 Vi

129 257 214 284 cras
235 258 361 290 mane,
384 256 544 294 quaeso,
567 242 605 280 in
628 241 790 280 comitio
811 248 935 279 estote
956 239 1129 279 obuiam.

130 316 171 348 tu
193 323 357 359 sequere
379 322 440 346 me
462 307 574 345 intro.
635 320 707 345 uos
728 307 1032 344 ualete.—ADV.
1065 312 1103 343 et
1125 312 1166 343 tu
1187 305 1284 343 uale.

129 374 310 413 iniuriam
331 373 407 412 illic
428 371 611 423 insignite
632 373 804 422 postulat
821 386 828 409 z

41 443 110 478 810
129 447 264 478 nostro
284 438 428 478 seruire
449 451 521 476 nos
543 436 617 475 sibi
637 445 772 475 censet
791 436 892 475 cibo.

129 518 267 543 uerum
288 504 341 543 ita
361 511 451 543 sunt
474 519 492 539 *
514 502 577 541 isti
598 502 719 541 nostri
741 502 909 541 diuites:

129 569 161 608 si
181 569 278 620 quid
299 570 401 609 bene
422 568 552 615 facias,
575 567 699 607 leuior
719 570 854 618 pluma
874 575 932 606 est
951 565 1083 618 gratia,

128 634 160 674 si
181 635 277 686 quid
297 641 553 685 peccatumst,
578 634 785 684 plumbeas
806 633 879 671 iras
900 640 1050 683 gerunt.

128 702 271 740 domos
290 700 481 739 abeamus
502 706 666 745 nostras,
689 698 813 745 sultis,
835 697 1033 743 nunciam,

39 774 105 819 815
128 767 292 817 quando
310 765 351 805 id
372 764 468 816 quoi
487 765 541 804 rei
562 778 722 815 operam
745 764 929 803 dedimus
950 762 1259 814 impetrauimus,

128 838 172 870 ut
190 831 446 882 perderemus
465 837 736 880 corruptorem
757 828 974 867 ciuium.—

602 1074 864 1122 ACTVS
921 1073 996 1120 IV

668 1187 926 1223 MILPHIO

129 1288 325 1337 Exspecto
346 1299 426 1336 quo
447 1293 564 1336 pacto
585 1298 696 1326 meae
717 1284 899 1323 techinae
920 1297 1173 1335 processurae
1194 1284 1305 1323 sient.

127 1353 269 1391 studeo
289 1353 396 1390 hunc
416 1353 602 1390 lenonem
628 1351 801 1401 perdere,
825 1357 867 1388 ut
888 1363 1021 1388 meum
1049 1364 1158 1388 erum
1181 1349 1365 1388 miserum
1387 1363 1465 1388 ma-

1346 1423 1462 1463 cerat,

128 1482 159 1521 is
181 1497 243 1521 me
263 1489 395 1521 autern
413 1494 529 1532 porro
549 1481 739 1528 uerberat,
764 1480 936 1519 incursat
957 1480 1109 1531 pugnis,
1132 1480 1306 1519 calcibus
1324 1496 1330 1518 :

41 1553 110 1587 820
128 1547 273 1586 seruire
292 1546 439 1585 amanti
461 1546 616 1584 miseria
636 1554 704 1593 est,
728 1545 956 1596 praesertim
977 1546 1044 1595 qui
1066 1547 1175 1595 quod
1195 1554 1301 1584 amat
1321 1554 1436 1585 caret.

127 1620 224 1651 attat
242 1615 248 1650 ἱ
278 1626 300 1651 e
320 1613 413 1650 fano
434 1611 606 1661 recipere
626 1611 746 1650 uideo
767 1625 808 1649 se
830 1613 1118 1660 Syncerastum,

128 1677 282 1718 lenonis
303 1691 459 1716 seruom
474 1692 483 1725 3
514 1676 611 1727 quid
632 1677 776 1715 habeat
797 1676 990 1715 sermonis
1009 1677 1253 1715 auscultabo.

409 1797 810 1833 SYNCERASTvs
924 1796 1182 1832 MILPHIO

128 1885 191 1922 Sv.
224 1881 316 1921 Sati'
337 1889 558 1932 spectatum
586 1889 654 1928 est,
678 1882 774 1920 deos
801 1889 921 1932 atque
949 1880 1131 1920 homines
1153 1880 1236 1920 eius
1258 1883 1462 1932 neclegere

1284 1946 1462 1997 gratiam,

125 2013 220 2065 quoi
259 2012 411 2052 homini
450 2026 538 2051 erus
577 2019 635 2051 est
673 2012 889 2052 consimilis
929 2014 1037 2051 uelut
1076 2026 1149 2063 ego
1190 2012 1319 2051 habeo
1354 2013 1459 2050 hunc

1219 2077 1457 2116 huiusmodi.

41 2151 106 2196 825
128 2159 256 2195 neque
277 2142 461 2195 peiiurior
481 2156 610 2193 neque
630 2142 739 2193 peior
758 2144 855 2182 alter
876 2157 1043 2193 usquam
1064 2151 1122 2182 est
1142 2143 1318 2193 gentium

171 2249 235 2279 810
260 2253 376 2278 nostro
395 2247 466 2278 Ital.
483 2259 488 2278 :
516 2252 648 2277 nostros
661 2246 727 2277 cod.
856 2248 917 2277 811
944 2245 1256 2290 <morati>l³almer
1270 2245 1456 2279 ‘Hernmlln

128 2303 158 2332 5,
173 2293 228 2330 61)
246 2292 347 2331 :foi-l.
366 2301 480 2321 uerum
495 2290 605 2331 (enim
623 2290 739 2332 uero),
753 2291 802 2320 vel
819 2301 934 2321 uerum
951 2292 994 2320 ita
1012 2290 1178 2332 sunt,<ita
1199 2289 1297 2332 sunt>
1351 2291 1457 2321 uostri

127 2335 217 2366 Bach
307 2337 370 2366 812
395 2335 501 2373 gratia
517 2333 590 2365 Ital.
610 2346 616 2364 :
641 2335 757 2373 grauia
774 2334 841 2365 cod.
933 2335 997 2364 818
1023 2335 1073 2374 ut]
1095 2335 1151 2373 qui
1169 2333 1243 2364 Ital.
1280 2335 1326 2363 iut
1342 2333 1384 2369 B,
1398 2340 1459 2374 pro

129 2380 176 2410 uti
189 2382 214 2419 3)
305 2379 369 2409 820
394 2379 600 2417 praesentim
614 2378 679 2409 cod.
699 2378 857 2419 (corr.D)
949 2379 1011 2408 822
1035 2388 1210 2407 sermones
1227 2377 1292 2408 cod.
1315 2378 1381 2415 (tle.
1397 2378 1457 2417 -is)

128 2424 188 2462 824
216 2423 337 2463 quoius
355 2423 503 2453 hominis
524 2422 657 2462 Geppcrt
746 2427 797 2452 est
815 2421 951 2462 vaadcs
969 2421 1080 2462 (eticmz
1097 2421 1162 2452 cod.
1176 2423 1200 2462 ἓ)
1217 2433 1223 2451 :
1249 2426 1281 2451 et
1297 2421 1371 2452 PBC

1489 775 1528 798 20

1485 1184 1553 1222 IV.
1577 1184 1591 1221 i

1483 1621 1500 1653 5

1482 1799 1511 1836 ii
