1747 2740
64 278 108 315 45

62 602 106 638 50

62 1000 103 1038 55

58 2048 103 2082 70

627 147 976 188 TRINVMMVS
1433 145 1462 183 Ι.
1485 147 1515 182 ii

181 264 387 314 adgrediar
407 263 622 303 hominem.
675 264 747 303 CA.
770 261 890 312 quoia
910 260 974 299 hic
995 274 1072 300 uox
1093 273 1216 311 prope
1237 273 1301 299 me
1322 261 1466 299 sonat?

182 331 266 367 ME.
299 328 355 368 tui
377 327 662 374 beneuolenti5‚
687 328 720 366 si
739 326 792 365 ita
813 340 854 365 es
876 333 918 364 ut
938 339 1011 377 ego
1032 333 1070 364 te
1092 327 1198 372 uolo,

179 393 240 432 sin
259 394 370 433 aliter
390 408 441 441 es,
465 392 614 431 inimici
634 400 754 443 atque
774 391 859 430 irati
881 390 963 429 tibi.

180 460 252 498 CA.
285 473 309 498 o
329 459 466 506 amice,
489 460 608 505 salue,
639 457 643 509 Ι
669 466 789 508 atque
809 455 995 508 aequalis.
1056 464 1099 495 ut
1119 457 1240 503 uales,
1490 470 1527 492 10

180 525 488 575 Megaronides?
546 526 629 562 ME.
663 531 702 562 et
722 532 763 562 tu
785 523 929 573 edepol
950 523 1070 569 salue,
1094 522 1289 562 Callicles.

179 591 251 629 CA.
283 592 430 629 ualen?
458 589 675 629 ualuistin?
732 591 816 628 ΜΕ.
849 590 964 627 ualeo
985 596 1023 627 et
1043 588 1150 627 ualui
1172 587 1325 627 rectius.

179 657 252 696 CA.
284 656 381 707 quid
407 656 487 708 agit
513 665 581 695 tua
611 658 737 695 uxor?
766 663 809 695 ut
829 657 964 695 ualet?
1022 657 1106 693 ΜΕ.
1139 656 1227 705 plus
1249 668 1369 705 quam
1391 668 1464 704 ego

1357 721 1464 759 uolo.

179 789 251 827 CA.
284 788 387 828 bene
407 789 539 828 hercle
559 796 619 828 est
639 788 745 827 illam
767 787 838 826 tibi
859 789 990 826 ualere
1012 795 1049 825 et
1071 786 1216 825 uiuere.

179 855 264 892 ME.
297 855 417 893 credo
437 856 569 893 hercle
590 862 628 893 te
648 855 820 905 gaudere
841 853 871 892 si
894 852 991 903 quid
1013 851 1110 890 mihi
1132 851 1225 890 mali
1247 858 1316 890 est.
1488 862 1525 894 15

179 919 253 958 CA.
283 919 470 959 omnibus
491 920 628 959 amicis
649 920 759 970 quod
781 919 877 957 mihi
899 926 957 957 est
978 917 1096 968 cupio
1117 931 1202 956 esse
1223 916 1342 956 idem.

179 986 264 1023 ME.
297 986 375 1024 eho
396 993 448 1032 tu,
473 994 542 1025 tua
560 999 657 1024 uxor
677 985 775 1036 quid
795 984 906 1035 agit?
965 985 1037 1024 CA.
1069 982 1290 1022 inmortalis
1311 990 1380 1030 est,

177 1049 277 1089 uiuit
297 1050 530 1101 uicturaque
550 1058 620 1090 est.
680 1052 764 1089 ME.
798 1051 900 1089 bene
921 1051 1053 1088 hercle
1073 1048 1243 1095 nuntias,

176 1117 354 1167 deosque
375 1117 445 1156 oro
465 1124 509 1155 ut
528 1116 633 1155 uitae
654 1124 744 1155 tuae
765 1123 962 1166 superstes
983 1121 1178 1165 suppetat.

176 1182 250 1222 CA.
281 1183 380 1221 dum
401 1182 565 1233 quidem
587 1183 718 1221 hercle
740 1190 872 1220 tecum
894 1188 1019 1232 nupta
1039 1180 1099 1228 sit,
1122 1193 1217 1219 sane
1238 1179 1369 1219 uelim.
1484 1189 1526 1212 20

176 1249 261 1286 ΜΕ.
294 1247 363 1287 uin
383 1256 689 1295 commutemus,
712 1255 821 1286 tuam
843 1260 917 1298 ego
937 1247 1083 1286 ducam
1104 1253 1143 1285 et
1164 1253 1205 1285 tu
1227 1247 1387 1284 meam?

175 1315 264 1352 faxo
286 1315 364 1353 hau
385 1314 582 1353 tantillum
603 1313 760 1354 dederis
781 1313 994 1352 uerborum
1016 1311 1123 1351 mihi.

176 1380 249 1419 CA.
282 1394 455 1431 namque
476 1380 583 1419 enim
604 1388 657 1427 tu,
681 1380 812 1427 credo,
836 1392 900 1417 me
920 1378 1201 1429 inprudentem
1229 1376 1460 1427 obrepseris.

176 1447 260 1485 ΜΕ.
292 1460 343 1485 ne
364 1453 405 1484 tu
426 1447 558 1485 hercle
578 1447 668 1484 faxo
689 1446 767 1484 hau
789 1444 941 1484 nescias
963 1457 1083 1494 quam
1104 1457 1186 1482 rem
1208 1442 1342 1494 egeris,

177 1512 252 1551 CA.
281 1512 429 1550 habeas
449 1520 492 1550 ut
513 1513 692 1550 nanctu's
709 1526 716 1549 :
747 1518 843 1550 nota
863 1511 965 1548 mala
986 1523 1045 1548 res
1067 1516 1277 1560 optumast.
1485 1517 1522 1548 25

176 1590 268 1615 nam
289 1591 362 1628 ego
384 1591 490 1616 nunc
511 1577 543 1616 si
563 1577 738 1628 ignotam
760 1576 926 1627 capiam,
949 1575 1045 1626 quid
1066 1588 1179 1625 agam
1201 1574 1386 1613 nesciam.

178 1644 261 1681 ME.
294 1644 437 1694 edepol
458 1643 627 1694 proinde
648 1651 690 1681 ut
711 1643 814 1681 bene
835 1641 991 1688 uiuitur,
1015 1640 1083 1679 diu
1104 1640 1259 1679 uiuitur.

175 1710 246 1748 sed
267 1710 344 1748 hoc
365 1709 543 1747 animum
563 1710 730 1748 aduorte
751 1716 870 1758 atque
891 1708 1001 1745 aufer
1022 1706 1243 1745 ridicularia
1261 1721 1271 1754 3

175 1788 267 1813 nam
297 1788 371 1825 ego
397 1774 534 1814 dedita
563 1788 682 1825 opera
709 1775 788 1812 huc
815 1774 866 1812 ad
894 1780 931 1812 te
964 1769 1184 1825 [ad]uenio.
1258 1773 1329 1811 CA.
1364 1771 1461 1822 quid

1316 1836 1428 1876 uenis
1444 1838 1461 1875 ?

177 1907 260 1944 ME.
294 1905 406 1945 malis
428 1914 466 1945 te
486 1913 528 1944 ut
548 1905 679 1944 uerbis
701 1904 833 1943 multis
855 1905 1022 1942 multum
1046 1902 1276 1953 obiurigem.
1483 1912 1525 1944 30

176 1974 248 2012 CA.
273 1986 364 2011 men
382 1974 398 2010 ?
429 1973 514 2010 ME.
537 1971 724 2022 numquis
741 1979 799 2010 est
814 1970 878 2009 hic
893 1970 992 2008 alius
1010 1977 1162 2019 praeter
1177 1968 1241 2007 me
1257 1976 1376 2018 atque
1394 1969 1460 2007 te?

176 2038 247 2077 CA.
281 2045 448 2076 nemost.
509 2039 593 2075 ME.
617 2036 714 2087 quid
735 2044 776 2074 tu
797 2035 913 2086 igitur
934 2034 1077 2085 rogitas
1099 2041 1189 2072 tene
1210 2032 1460 2084 obiurigem?

162 2154 202 2182 45
215 2143 304 2183 *quia
321 2143 354 2172 A
424 2143 476 2173 hic
489 2154 556 2174 om.
569 2143 603 2174 P
710 2144 753 2181 46
777 2143 804 2174 si
818 2153 884 2173 om.
898 2141 931 2172 A
1024 2146 1057 2171 te
1076 2151 1142 2172 om.
1154 2140 1187 2171 P
1296 2150 1335 2179 47
1362 2145 1413 2179 est
1425 2140 1457 2170 A

118 2197 171 2226 50,
190 2197 227 2226 51
255 2188 381 2218 inverso
397 2187 511 2218 ordine
526 2188 558 2216 A
673 2197 710 2226 51
739 2193 795 2218 tua
821 2187 891 2225 agit
916 2185 948 2215 A
1085 2194 1125 2223 52
1153 2183 1271 2226 [benel
1292 2183 1406 2214 ualere
1430 2184 1463 2214 Ρ

118 2241 160 2269 53
185 2231 281 2272 mihi]
301 2242 354 2261 me
371 2231 404 2260 A
539 2241 578 2270 54
606 2231 704 2261 fidem
724 2231 756 2260 A
884 2239 925 2268 55
951 2235 984 2259 tu
1003 2239 1070 2259 om.
1092 2228 1126 2259 Ρ
1240 2229 1280 2258 6ῐ
1309 2228 1363 2258 tul
1382 2227 1459 2258 teA

117 2275 196 2305 mihi
222 2276 419 2315 inprudenti
446 2274 479 2304 P
589 2277 631 2305 62
657 2276 687 2306 h.
710 2275 800 2304 scias
816 2273 850 2303 P
957 2274 999 2310 65
1024 2272 1188 2312 promeA
1259 2272 1316 2302 diu
1334 2272 1460 2302 uiuitur

117 2318 204 2348 bene
233 2320 300 2351 uiu.
328 2318 501 2350 Amlalsus
633 2320 673 2358 67
699 2319 801 2349 uenio
823 2317 856 2348 A
980 2317 1022 2347 68
1046 2315 1285 2355 obiurgemP:
1311 2316 1456 2355 obiurgi—

117 2367 186 2393 tem
203 2363 236 2392 A
375 2374 414 2402 70
439 2368 474 2393 tu
491 2373 557 2394 om.
577 2361 610 2392 P
696 2362 897 2401 obiurgitem
915 2359 948 2390 P

1309 2484 1370 2515 28*
