1747 2740
692 147 932 185 STICHVS
1414 147 1467 184 II.
1490 145 1519 183 ii

144 263 201 299 Pi.
235 260 447 300 munditias
467 262 561 299 uolo
578 260 670 299 ficri.
712 261 857 299 ecferte
873 262 951 298 huc
968 273 1109 310 scopas
1123 259 1319 310 simulque
1336 260 1476 297 harun-

1326 324 1473 370 dinem,

142 399 184 430 ut
204 405 363 442 operam
385 406 545 430 omnem
567 405 800 430 araneorum
822 393 985 442 perdam
1003 398 1041 430 et
1058 398 1247 429 texturam
1268 390 1474 439 inprobem

141 455 390 506 deiciamque
406 470 543 494 eorum
560 456 689 495 omnis
704 458 811 495 telas.
842 455 957 508 (GE.)
973 455 1101 494 miseri
1119 455 1307 505 algebunt
1324 462 1471 505 postea.
1498 468 1536 499 25

54 535 124 572 350
143 522 200 559 ΡΙ.
233 520 359 571 quid?
406 521 492 560 illos
522 521 713 561 itidemne
743 535 829 560 esse
858 535 996 560 censes
1025 520 1137 571 quasi
1172 527 1210 558 te
1240 533 1329 558 cum
1365 527 1475 558 ueste

1330 584 1446 623 unica
1459 586 1475 622 ?

140 664 237 701 cape
267 651 351 689 illas
381 665 531 703 scopas.
593 653 669 691 GE.
702 652 867 702 capiam.
929 654 989 689 P1.
1020 653 1096 690 hoc
1127 657 1295 701 egomet,
1327 657 1368 687 tu
1398 651 1475 687 hoc

866 730 1069 755 conuorre.
1131 717 1205 754 GE.
1238 728 1311 765 ego
1332 716 1472 753 fecero.

140 784 197 821 Pr.
230 782 366 833 ecquis
401 784 479 821 huc
513 784 634 822 e'cfert
673 782 933 822 nassiternam
969 783 1059 820 cum
1094 782 1226 832 aqua?
1284 782 1358 818 GE.
1391 780 1475 818 sine

1291 844 1474 895 suffragio

137 913 274 964 populi
295 920 429 951 tamen
449 913 691 952 aedilitatem
713 912 942 963 hicquidem
963 912 1070 962 gerit.
1122 914 1180 949 P1.
1212 924 1284 961 age
1304 918 1345 948 tu
1363 910 1473 948 ocius

138 978 255 1030 pinge
294 980 476 1027 humum,
514 991 732 1029 consperge
770 987 862 1016 ante
901 977 1020 1016 aedis.
1082 978 1156 1015 GE.
1199 975 1351 1014 faciam.
1412 977 1470 1013 Pl.
1495 990 1537 1021 30

1119 1044 1265 1081 facturn
1287 1040 1471 1091 oportuit.

55 1127 119 1164 355
141 1123 214 1161 ego
235 1109 328 1148 hinc
348 1123 512 1148 araneas
533 1111 584 1148 de
605 1109 754 1148 foribus
775 1108 946 1147 deiciam
968 1116 1005 1147 et
1027 1109 1076 1146 de
1097 1108 1254 1159 pariete.

141 1176 214 1214 GE.
248 1176 391 1225 edepol
413 1188 494 1213 rem
517 1174 783 1225 negotiossam
803 1177 808 1212 l
850 1176 950 1211 PAN.
975 1172 1071 1223 quid
1093 1172 1141 1210 sit
1163 1172 1216 1210 nil
1238 1171 1355 1210 etiam
1378 1171 1471 1218 scio,

137 1239 211 1278 nisi
232 1241 331 1278 forte
352 1239 528 1290 hospites
550 1239 705 1278 uenturi
724 1238 792 1291 (si)
812 1246 913 1277 sunt.
974 1241 1032 1277 P1.
1065 1240 1188 1277 lectos
1209 1238 1379 1276 sternite.

138 1308 212 1344 GE.
245 1305 482 1356 principium
505 1308 633 1356 placet
654 1307 705 1355 de
726 1305 847 1344 lectis.
910 1307 967 1343 P1.
1000 1304 1064 1343 alii
1086 1304 1191 1354 ligna
1211 1303 1373 1349 caedite,

136 1371 201 1409 alii
222 1371 339 1422 piscis
360 1373 575 1422 depurgate
596 1385 697 1421 quos
718 1371 890 1421 piscator
909 1371 1049 1418 attulit,
1494 1382 1532 1413 35

50 1445 119 1489 360
137 1451 299 1489 pernam
321 1445 359 1476 et
378 1438 582 1489 glandium
604 1437 758 1476 deicite.
819 1440 893 1475 GE.
927 1437 990 1475 hic
1012 1438 1142 1475 hercle
1163 1438 1285 1475 horno
1307 1435 1472 1474 nimium

1360 1501 1469 1550 sapit.

139 1570 239 1606 ΡΑΝ.
271 1581 352 1606 non
373 1576 535 1615 ecastor,
559 1576 602 1606 ut
623 1581 696 1618 ego
717 1567 869 1618 opinor,
893 1567 985 1606 satis
1006 1581 1094 1606 erae
1116 1580 1266 1605 morem
1287 1566 1399 1616 geris.

138 1635 196 1672 ΡΙ.
228 1633 352 1672 immo
372 1648 432 1672 res
453 1634 583 1672 omnis
604 1634 758 1672 relictas
779 1634 908 1671 habeo
930 1646 1021 1683 prae
1042 1633 1151 1683 quod
1173 1641 1214 1670 tu
1236 1631 1343 1670 uelis.

138 1700 238 1736 PAN.
272 1707 355 1737 tum
386 1707 428 1738 tu
459 1699 583 1749 igitur,
616 1713 694 1749 qua
728 1713 867 1737 caussa
901 1698 1043 1736 missus
1079 1712 1119 1736 es
1149 1699 1200 1736 ad
1230 1705 1399 1748 portum,
1433 1697 1471 1735 id

1317 1763 1468 1813 expedi.

138 1830 196 1868 P1.
229 1829 370 1868 dicam.
406 1838 616 1880 postquam
639 1844 702 1869 me
719 1830 857 1869 misisti
874 1831 924 1868 ad
946 1837 1103 1880 portum
1126 1843 1216 1867 cum
1238 1828 1313 1867 luci
1332 1830 1469 1875 semul,
1493 1843 1537 1875 40

49 1898 114 1944 365
137 1896 395 1933 commodum
418 1895 616 1933 radiossus
637 1909 722 1934 sese
743 1897 800 1933 sol
823 1895 1034 1946 superabat
1056 1909 1101 1933 ex
1124 1894 1230 1932 mari.

180 2001 244 2039 348
267 2010 406 2039 operam
425 2001 575 2042 omnem]
595 2011 718 2040 operas
734 2000 822 2032 codd.
841 2001 946 2031 Nom'z'
966 2011 1036 2040 192,
1053 2001 1128 2037 fort.
1151 2004 1226 2030 recte
1316 2000 1470 2040 perdam]

136 2048 263 2083 tergam
286 2043 374 2074 codd.
393 2043 498 2074 Nonii
607 2055 670 2084 349
694 2055 809 2075 earum
828 2045 861 2075 P
947 2045 1078 2075 omneis
1095 2044 1128 2073 A
1223 2043 1346 2073 misera
1369 2043 1470 2082 salge-

135 2087 218 2118 bunt
246 2087 279 2117 Ρ
299 2091 372 2128 spro
400 2089 542 2118 miserae
572 2088 669 2128 alg.),
691 2089 778 2118 uude
805 2089 926 2119 misere
954 2099 982 2119 a.
1007 2087 1148 2128 quidam
1179 2088 1233 2123 (-ri
1265 2087 1320 2117 vix
1343 2097 1394 2117 -re
1418 2088 1471 2126 A)

135 2141 201 2170 350
225 2131 298 2161 illas
315 2130 348 2160 P
428 2132 545 2162 itidem
562 2142 637 2162 esse
655 2142 774 2163 censes
791 2133 842 2163 P:
866 2133 1030 2171 eademne
1050 2142 1171 2162 censes
1189 2141 1266 2162 esse
1284 2131 1316 2160 A
1408 2139 1469 2169 351

135 2175 282 2214 capellas
300 2174 333 2204 A
438 2185 501 2213 ego
518 2186 584 2206 om.
609 2176 643 2206 P
785 2186 847 2216 354
872 2176 921 2206 vel
943 2177 987 2206 sic
1009 2176 1173 2216 distingue
1196 2176 1309 2215 pinge,
1334 2174 1469 2204 humum

135 2229 250 2258 consp.
344 2219 434 2258 finge
453 2219 588 2259 Bugge:
612 2230 656 2250 an
674 2220 791 2259 pinse?
931 2230 994 2259 355
1018 2230 1160 2250 araneas
1178 2230 1223 2250 an
1240 2229 1293 2249 -os
1311 2219 1414 2248 infert.
1436 2218 1470 2248 A

135 2272 197 2302 357
222 2263 250 2292 si
269 2262 343 2293 add.
360 2262 461 2292 Bothe
535 2261 638 2304 (uos)
657 2262 676 2294 l.
699 2263 800 2294 lVeise
876 2265 931 2294 vix
947 2264 1124 2294 insternitc
1144 2264 1188 2303 (v.
1208 2274 1238 2302 9.
1257 2264 1292 2292 Si
1405 2271 1470 2301 359

135 2315 221 2345 quos
244 2305 350 2345 (PCD)
373 2306 524 2345 velquod
543 2306 605 2346 (Β)
629 2306 733 2345 Ρ(Α.
756 2318 786 2338 n.
807 2307 846 2347 l.)
939 2308 1068 2347 piscatu
1090 2308 1152 2347 (-o)
1180 2307 1291 2337 rettuli
1311 2306 1468 2346 Lipsius:

136 2350 283 2389 piscator
297 2349 392 2380 attuli
411 2349 546 2389 Seyffert
633 2351 693 2388 361
721 2356 756 2381 ut
773 2362 839 2381 om.
859 2351 892 2380 A
961 2351 1012 2381 vel
1027 2351 1129 2390 opino
1219 2351 1282 2389 363
1308 2350 1339 2380 id
1356 2359 1420 2380 om.
1438 2349 1471 2379 P

135 2394 198 2433 364
222 2393 322 2432 semel
340 2393 373 2422 A
508 2394 572 2432 365
596 2404 690 2424 sesse
707 2394 739 2425 A
756 2406 762 2426 z
788 2405 865 2425 esse
882 2394 915 2424 P
929 2395 1006 2434 (pro
1024 2404 1131 2433 sesso,
1152 2395 1289 2433 antiqua
1298 2393 1415 2432 forma
1427 2393 1454 2432 ἶ)
