1747 2740
185 117 217 156 I.

174 245 216 276 40

239 117 284 154 iii
663 118 709 154 T.
742 116 923 156 MACCI
956 117 1158 155 PLAVTI

236 235 356 279 atque
377 229 415 267 in
439 229 621 268 manibus
642 237 730 267 exta
750 236 907 268 teneam
929 236 971 267 ut
992 228 1192 280 periciam,
1215 228 1365 268 interea
1382 227 1460 269 loci

237 293 269 332 si
290 294 385 332 lucri
406 294 502 344 quid
523 295 648 341 detur,
671 294 802 344 potius
825 308 906 333 rem
927 293 1105 333 diuinam
1126 295 1316 333 deseram.

238 373 318 398 non
341 366 468 409 potest
490 358 624 409 pietati
646 358 782 410 opsisti
803 360 906 406 huic,
930 366 1017 397 utut
1037 373 1097 398 res
1118 367 1281 398 ceterae.

240 426 304 462 Ps.
336 425 432 463 deos
462 424 624 474 quidem
655 438 755 475 quos
786 438 969 463 maxume
997 438 1169 475 aequom
1199 432 1258 463 est
1288 431 1473 470 metuere,
1505 437 1574 463 eos

1295 489 1448 527 minimi
1469 489 1571 528 facit.

242 556 312 592 ΒΑ.
346 556 606 605 compellabo.
667 556 774 593 salue
794 556 974 601 multum,
999 568 1111 593 serue
1131 553 1300 593 Athenis
1321 568 1515 604 pessume.
1593 570 1662 604 270

177 635 219 666 45
242 621 303 657 Ps.
336 619 376 658 di
398 628 435 658 te
456 622 634 670 deaeque
654 628 789 658 ament
809 622 871 658 uel
894 619 1024 657 huiius
1044 619 1232 658 arbitratu
1254 621 1317 658 uel
1339 633 1440 666 meo,

178 1024 218 1056 50

176 1484 215 1516 55

177 1869 221 1901 60

239 686 313 730 uel,
336 684 368 722 si
389 684 541 735 dignu's
561 685 639 724 alio
659 693 788 735 pacto,
810 699 940 735 neque
960 692 1094 723 ament
1115 699 1188 723 nec
1209 684 1354 723 faciant
1378 685 1490 724 bene.

240 751 311 787 BA.
352 749 449 800 quid
488 749 627 800 agitur,
667 749 882 790 Calidore?
940 750 1055 789 CALr.
1096 757 1249 788 amatur
1281 757 1401 800 atque
1440 757 1574 800 egetur

1422 814 1571 854 acriter.

240 881 311 917 ΒΑ.
344 879 539 926 misereat,
559 880 590 919 si
611 880 799 919 familiam
820 882 923 919 alere
944 879 1092 931 possim
1115 879 1394 919 misericordia.

240 947 301 983 Ps.
334 944 446 983 heia!
477 947 622 984 scimus
644 959 716 985 nos
737 945 900 996 quidem
921 954 959 984 te
980 945 1106 996 qualis
1127 945 1203 994 sis;
1233 960 1283 985 ne
1303 945 1516 996 praediceS.
1593 961 1659 997 275

238 1011 308 1049 sed
329 1010 413 1049 scin
434 1010 530 1060 quid
551 1025 624 1050 nos
645 1013 860 1050 uolumus?
909 1013 979 1050 BA.
1012 1012 1079 1062 pol
1099 1025 1172 1062 ego
1193 1012 1484 1063 propemodum
1503 1027 1511 1050 ε
1532 1018 1575 1049 ut

1272 1078 1375 1116 male
1394 1076 1444 1115 sit
1464 1075 1574 1114 mihi.

241 1142 305 1180 Ps.
337 1148 375 1180 et
402 1141 442 1180 id
463 1148 501 1180 et
528 1142 605 1180 hoc
625 1143 734 1192 quod
763 1150 801 1181 te
821 1155 1065 1181 reuocamus.
1125 1154 1274 1192 quaeso
1302 1141 1479 1180 animum
1509 1141 1575 1180 ad-

1156 1215 1277 1246 uorte.
1338 1208 1410 1245 BA.
1441 1206 1572 1246 audio.

238 1279 357 1322 atque
378 1272 418 1310 in
439 1286 575 1322 pauca,
599 1280 642 1311 ut
662 1280 879 1323 occupatus
901 1286 1007 1311 nunc
1028 1286 1128 1320 sum,
1150 1274 1286 1311 confer
1305 1272 1402 1322 quid
1423 1272 1532 1311 uelis.

240 1339 302 1376 Ps.
336 1339 441 1376 hunc
462 1339 597 1387 pudet,
621 1339 731 1388 quod
752 1338 822 1377 tibi
844 1338 1023 1389 promisit
1044 1352 1202 1389 quaque
1222 1338 1263 1377 id
1283 1337 1462 1388 promisit
1482 1337 1561 1386 die,

237 1403 330 1454 quia
351 1403 421 1442 tibi
443 1403 569 1442 minas
590 1403 727 1454 uiginti
749 1405 820 1454 pro
840 1404 967 1443 amica
987 1403 1105 1443 etiam
1127 1418 1207 1443 non
1229 1403 1349 1442 dedit.
1593 1407 1662 1441 280

240 1471 310 1507 BA.
343 1468 466 1507 nimio
496 1468 537 1508 id
567 1470 677 1519 quod
707 1470 831 1519 pudet
858 1468 1009 1507 facilius
1039 1470 1158 1507 fertur
1188 1482 1306 1519 quam
1338 1468 1434 1507 illud
1464 1468 1573 1518 quod

1455 1533 1570 1584 piget.

238 1614 319 1639 non
341 1600 499 1639 dedisse
520 1600 649 1638 istunc
670 1601 817 1651 pudet:
849 1615 912 1639 me
934 1600 1026 1651 quia
1047 1614 1128 1638 non
1148 1600 1284 1650 accepi
1305 1599 1422 1650 piget.

240 1668 302 1704 Ps.
335 1673 373 1704 at
394 1665 515 1713 dabit,
539 1665 691 1716 parabit
709 1681 715 1704 :
745 1665 896 1716 aliquot
917 1667 990 1704 hos
1011 1665 1096 1705 dies
1116 1673 1251 1703 manta
1271 1666 1404 1704 modo.

240 1731 330 1769 mim
353 1731 392 1770 id
413 1731 477 1769 hic
499 1731 637 1769 metuit
659 1745 708 1770 ne
729 1731 835 1769 illam
856 1732 1007 1770 uendas
1028 1731 1081 1769 ob
1102 1730 1341 1769 simultatem
1363 1743 1484 1768 suam.

242 1799 312 1834 BA.
346 1796 417 1834 suit
438 1795 606 1843 occasio,
630 1795 661 1834 si
682 1798 812 1843 uellet,
836 1796 912 1834 iam
934 1796 1086 1847 pridem
1107 1803 1312 1846 argentum
1333 1804 1375 1834 ut
1395 1797 1515 1834 daret.
1592 1798 1657 1842 285

241 1864 357 1903 (ΞΛΜ.
408 1862 505 1912 quid
543 1861 575 1900 si
618 1875 698 1900 non
742 1861 892 1901 habui?
968 1864 1040 1900 ΒΑ.
1089 1861 1120 1900 si
1163 1861 1335 1908 amabas,
1377 1860 1574 1899 inuenires

1380 1934 1572 1972 ΠἸΙΠΠΟΠἸ,

285 2034 346 2072 267
373 2033 520 2064 dostram
545 2033 577 2063 P
609 2032 647 2072 *T
660 2036 719 2073 pro
745 2032 786 2072 E)
922 2033 984 2063 268
1009 2037 1108 2072 potes
1128 2031 1161 2062 P
1247 2037 1282 2062 ut
1306 2041 1360 2063 res
1388 2036 1467 2062 sunt
1496 2030 1529 2061 Ρ
1549 2035 1578 2062 ct

240 2077 336 2108 schol.
354 2077 438 2107 Aen.
461 2087 486 2114 1,
505 2077 569 2115 378
704 2078 767 2115 269
792 2086 876 2116 quos
890 2076 986 2107 schol.
1012 2076 1114 2117 lbrgm
1140 2076 1229 2116 quod
1247 2075 1285 2114 Ρ,
1302 2075 1335 2105 Α
1352 2086 1382 2106 n.
1401 2076 1420 2106 I.
1512 2085 1570 2114 271

241 2126 375 2152 amente
390 2120 423 2150 Ρ
435 2122 528 2160 (corr.
542 2119 611 2161 E‘2)
695 2119 824 2161 huiius]
843 2120 969 2159 ghlolus
984 2120 1016 2160 ¹21'.
1031 2131 1054 2151 c.
1072 2120 1185 2160 hoius)
1201 2119 1235 2150 A
1324 2129 1386 2158 274
1405 2119 1573 2158 po(ssssem

242 2165 273 2194 A
410 2166 473 2203 276
498 2174 605 2204 prope
623 2164 722 2195 modo
738 2164 851 2203 (modu
870 2163 978 2196 8251)
1108 2174 1169 2202 277
1195 2162 1409 2203 reuocamus]
1430 2162 1574 2206 rogitauj

241 2214 273 2244 A
367 2214 535 2244 aduertite
553 2214 585 2244 A
721 2223 785 2252 279
809 2212 915 2252 hunc]
944 2212 1011 2241 hun
1041 2212 1143 2252 (hul)
1168 2211 1201 2242 Ρ
1286 2211 1435 2253 quaque]
1458 2204 1576 2252 ‹fuam—

243 2267 340 2297 quam
362 2260 436 2298 (pro
456 2260 568 2296 quisq..
588 2257 607 2287 ι’.
620 2268 643 2288 e.
662 2257 832 2296 quaquct)
849 2255 881 2286 Ρ
967 2256 1030 2286 282
1055 2256 1235 2287 dedissetis
1255 2261 1324 2287 tum
1343 2266 1374 2295 p.
1393 2254 1426 2285 P
1510 2255 1574 2293 283

242 2301 374 2341 aliquos
390 2300 529 2331 llludlcr
545 2301 590 2339 &A
613 2301 733 2335 interm
753 2312 759 2331 ε
783 2299 908 2338 aliquid
926 2298 1045 2329 Dousa
1121 2301 1183 2338 284
1210 2300 1262 2330 hic
1279 2299 1302 2330 it
1323 2299 1387 2339 (idN
1405 2299 1438 2330 Ρ
1511 2298 1574 2338 285

244 2346 355 2384 pridet
375 2346 421 2375 ³‘di
440 2345 552 2384 pridet
568 2344 614 2374 Bi
634 2344 666 2374 P
689 2345 784 2384 (corr.
812 2342 882 2384 D‘-')
1016 2344 1080 2374 286
1105 2343 1222 2374 habuit
1245 2343 1278 2373 A
1370 2343 1397 2373 si
1420 2342 1572 2383 amabas]

244 2389 308 2420 iam
326 2391 407 2420 abus
424 2389 456 2419 P
543 2394 634 2419 tuum
653 2388 686 2418 Ρ
