1747 2740
705 135 999 174 POENVLVS
1470 139 1517 177 V.
1537 138 1586 176 iv

187 260 258 286 uos
279 261 389 286 meae
413 246 504 286 estis
524 247 666 285 ambae
688 247 788 285 filiae
810 255 847 286 et
868 247 932 285 hic
953 255 1011 286 est
1031 256 1222 298 cognatus
1243 257 1386 295 noster,

187 312 350 351 huiusce
370 312 493 350 fratris
515 312 627 359 filius,
652 314 937 362 Agorastocles.
998 315 1102 351 Ama.
1135 315 1290 361 amabo,

186 391 281 416 num
314 377 352 416 hi
387 379 484 416 salso
515 378 717 417 oblectant
750 378 895 428 gaudio
928 381 1030 417 nos?
1092 381 1166 417 Ao.
1199 388 1238 417 at
1274 381 1363 418 med
1398 379 1449 418 ita
1481 380 1520 419 di

1364 453 1520 483 seruent

181 515 223 546 ut
244 507 308 546 hic
329 508 438 559 pater
457 516 516 548 est
536 516 678 547 uoster.
729 510 821 548 date
842 522 993 547 manus.
1053 511 1158 547 ΑΒΕ.
1181 511 1301 557 salue,
1325 509 1520 560 insperate

1404 576 1518 614 nobis

74 641 164 676 1260
182 646 301 689 pater,
325 639 362 677 te
383 640 595 690 complecti
617 654 689 679 nos
710 640 804 679 sine'.
865 640 997 691 cupite
1017 648 1137 691 atque
1158 648 1382 691 exspectate
1536 653 1581 686 90

181 711 300 754 pater,
324 706 442 743 salue.
505 707 585 743 HA.
618 707 760 745 ambae
781 706 884 745 filiae
906 714 1006 744 sunt.
1067 709 1199 744 ANTE.
1232 708 1519 757 amplectamur

1363 773 1515 811 ambae.

181 837 255 874 AG.
280 835 367 886 quis
389 836 453 875 me
467 838 729 887 amplectetur
749 840 920 888 postea?
967 840 1046 876 HA.
1071 852 1178 876 nunc
1199 851 1272 888 ego
1294 852 1380 876 sum
1403 840 1519 876 sortu-

1392 912 1517 947 natus,

181 968 395 1005 multorum
416 981 611 1007 annorum
633 969 808 1007 miserias
830 983 936 1007 nune
957 971 1032 1007 hac
1054 970 1259 1019 uoluptate
1280 971 1387 1007 sedo.

180 1034 285 1070 ADE.
319 1033 383 1071 uix
422 1035 499 1072 hoe
538 1034 720 1072 uidemur
749 1036 919 1072 credere.
991 1037 1071 1072 HA.
1106 1035 1219 1085 magi'
1254 1035 1321 1085 qui
1352 1035 1520 1073 credatis

1375 1100 1516 1138 dicam.

71 1168 159 1214 1265
182 1177 273 1202 nam
288 1172 420 1203 uostra
433 1165 562 1203 nutrix
579 1165 749 1216 primum
765 1179 828 1203 me
845 1165 1043 1215 cognouit.
1078 1168 1183 1204 ΑΒΕ.
1201 1165 1268 1204 ubi
1286 1179 1341 1212 ea,
1361 1166 1516 1212 amabo,
1540 1176 1580 1210 95

1432 1233 1519 1269 est?

181 1296 262 1334 ΗΑ.
293 1297 401 1346 apud
423 1297 529 1335 hunc
553 1303 623 1335 est.
683 1298 758 1335 AG.
791 1310 951 1347 quaeso,
975 1297 1042 1347 qui
1063 1297 1173 1335 lubet
1194 1304 1273 1334 tam
1295 1296 1363 1335 diu
1386 1304 1519 1335 tenere

1339 1364 1484 1400 collum
1502 1365 1518 1401 ?

177 1426 318 1465 omitte
338 1428 476 1465 saltem
499 1435 541 1466 tu
562 1428 691 1466 altera.
752 1430 847 1466 nolo
867 1441 941 1478 ego
963 1428 1091 1466 istunc
1112 1428 1257 1466 enicari

177 1491 274 1543 priu’
294 1505 414 1543 quam
437 1500 474 1531 te
495 1492 547 1531 mi
569 1493 837 1544 desponderit.
893 1497 996 1532 ΑΒΕ.
1021 1494 1145 1532 mitto.
1195 1496 1327 1532 ANTE.
1351 1502 1515 1544 sperate,

1397 1561 1515 1598 salue.

181 1624 261 1661 HA.
294 1625 516 1662 condamus
536 1626 633 1663 alter
652 1626 817 1663 alterum
840 1638 931 1675 ergo
950 1624 989 1663 in
1012 1638 1175 1663 neruom
1198 1625 1472 1663 bracchialem.

70 1702 160 1737 1270
178 1689 314 1738 quibu'
335 1703 441 1727 nunc
462 1689 501 1727 in
522 1698 622 1728 terra
643 1690 782 1728 melius
803 1692 890 1728 est?
924 1693 999 1728 AG.
1025 1690 1216 1729 eueniunt
1236 1690 1355 1740 digna
1375 1691 1514 1741 dignis.
1539 1704 1602 1728 100

179 1755 259 1792 HA.
283 1756 445 1793 tandem
467 1755 560 1794 huic
580 1755 758 1806 cupitum
778 1755 953 1806 contigit.
1013 1758 1088 1794 AG.
1112 1769 1136 1793 o
1157 1757 1310 1807 Apelle,
1333 1770 1356 1795 o
1376 1757 1517 1795 Zeuxis

1377 1831 1513 1872 pictor,

224 1929 306 1966 1258
330 1928 502 1960 obiectant
529 1928 563 1959 P
648 1929 698 1960 vel
719 1940 771 1960 me
792 1930 851 1969 (ita
873 1928 981 1968 codd.)
1107 1928 1151 1958 ita
1176 1937 1228 1957 me
1249 1925 1382 1967 Geppert
1397 1927 1515 1966 (usita-

175 1973 230 2001 tus
254 1971 348 2008 ordo)
461 1974 542 2003 1260
559 1973 609 2014 te]
628 1984 647 2003 e
664 1973 697 2003 P
801 1974 878 2004 1261
907 1983 1023 2003 sumus
1041 1972 1115 2003 Ital.
1135 1971 1184 2008 (A
1202 1982 1233 2002 n.
1254 1971 1305 2009 L).
1325 1971 1345 2001 ι’.
1359 1981 1383 2001 e.
1403 1971 1510 2002 ANTE.

174 2025 202 2045 a.
224 2014 244 2046 f.
264 2025 392 2056 sumus,
409 2026 436 2047 a.
459 2027 487 2047 a.
627 2019 709 2056 1263
734 2018 837 2048 sedeo
864 2017 897 2047 P
1032 2018 1112 2055 1264
1139 2016 1314 2046 uideamur
1338 2014 1371 2044 P
1466 2015 1517 2045 vel

175 2069 274 2098 mage
434 2062 513 2099 1265
539 2061 645 2100 prima
669 2061 810 2101 Benthv,
844 2072 925 2091 nam
966 2060 1129 2102 spondeus
1163 2062 1249 2093 (-um
1288 2059 1356 2089 mel
1384 2059 1416 2088 ιἰι
1442 2060 1515 2097 fine

172 2101 366 2134 hemistichii
387 2103 530 2145 displicet
631 2106 686 2147 ea]
715 2117 733 2135 e
760 2105 793 2135 P
938 2107 1020 2135 1266
1045 2115 1133 2135 nunc
1162 2103 1195 2133 P
1302 2107 1352 2132 est
1378 2114 1442 2133 0111.
1477 2103 1510 2132 A

178 2148 272 2185 1267,
303 2148 384 2177 1268
408 2148 519 2178 ordine
541 2149 666 2179 inverso
690 2149 723 2179 P
858 2151 937 2189 1267
964 2149 1048 2179 salte
1076 2150 1145 2189 (zze.
1171 2148 1305 2184 saltem)
1331 2151 1367 2176 ut
1390 2146 1452 2177 vid.
1482 2147 1514 2177 P

176 2190 334 2225 (salutem
364 2191 401 2228 T,
427 2193 535 2222 salute
551 2192 593 2230 B,
616 2194 703 2224 salte
723 2193 813 2232 PCD)
908 2195 1018 2224 istunc
1044 2192 1178 2232 scripsi:
1214 2192 1299 2221 istuc
1324 2190 1362 2227 P,
1385 2190 1417 2219 A
1437 2201 1467 2220 n.
1487 2191 1507 2221 l.

174 2234 299 2265 enicari
318 2234 386 2275 (T)
405 2236 455 2266 vel
468 2237 597 2266 enicam
617 2236 721 2274 (PBG)
737 2237 785 2267 P:
813 2237 955 2275 {enicas}
975 2238 1059 2267 mel
1074 2237 1106 2266 A
1200 2236 1277 2265 nolo
1296 2245 1360 2274 ego
1379 2235 1509 2264 istuc—

172 2276 307 2320 (ΑΒΕ.)
320 2280 434 2310 enicas
451 2290 513 2311 me.
531 2278 643 2322 (AG.)
662 2281 756 2311 Prius
774 2286 835 2312 etc.
856 2280 962 2314 Goelc.
980 2280 1108 2311 Sclzoell
1242 2280 1322 2309 1268
1346 2279 1463 2309 omitto
1481 2277 1513 2307 P

175 2321 248 2358 (sed
271 2323 492 2362 despenderit
516 2324 562 2355 Bi
590 2324 658 2362 (lv.
685 2329 718 2365 3)
829 2325 879 2356 vel
899 2325 986 2356 Ans.
1016 2325 1132 2355 mitto?
1163 2333 1214 2365 sp.
1241 2334 1286 2354 sa.
1428 2332 1505 2363 1271

174 2366 340 2407 contingit
358 2367 390 2398 Α
