<?xml version="1.0" encoding="UTF-8"?>
<!DOCTYPE html PUBLIC "-//W3C//DTD XHTML 1.0 Transitional//EN"
    "http://www.w3.org/TR/xhtml1/DTD/xhtml1-transitional.dtd">
<html xmlns="http://www.w3.org/1999/xhtml" xml:lang="en" lang="en">
 <head>
  <title>
</title>
<meta http-equiv="Content-Type" content="text/html;charset=utf-8" />
  <meta name='ocr-system' content='tesseract 3.04.00' />
  <meta name='ocr-capabilities' content='ocr_page ocr_carea ocr_par ocr_line ocrx_word'/>
</head>
<body>
  <div class='ocr_page' id='page_1' title='image "./comoediaerecogno02plau_0163.png"; bbox 0 0 1747 2740; ppageno 0'>
   <div class='ocr_carea' id='block_1_1' title="bbox 649 466 960 515">
    <p class='ocr_par' dir='ltr' id='par_1_1' title="bbox 649 466 960 515">
     <span class='ocr_line' id='line_1_1' title="bbox 649 466 960 515; baseline 0 -1"><span class='ocrx_word' id='word_1_1' title='bbox 649 466 888 515; x_wconf 82' lang='lat' dir='ltr'>ACTVS</span> <span class='ocrx_word' id='word_1_2' title='bbox 942 467 960 514; x_wconf 96' lang='lat' dir='ltr'>I</span> 
     </span>
    </p>
   </div>
   <div class='ocr_carea' id='block_1_2' title="bbox 450 574 1564 616">
    <p class='ocr_par' dir='ltr' id='par_1_2' title="bbox 450 574 1564 616">
     <span class='ocr_line' id='line_1_2' title="bbox 450 574 1564 616; baseline -0.004 0"><span class='ocrx_word' id='word_1_3' title='bbox 450 579 703 616; x_wconf 78' lang='lat' dir='ltr'>TOX11vs</span> <span class='ocrx_word' id='word_1_4' title='bbox 815 579 1165 616; x_wconf 71' lang='lat' dir='ltr'>SAoAklsTlo</span> <span class='ocrx_word' id='word_1_5' title='bbox 1496 574 1564 613; x_wconf 90' lang='lat' dir='ltr'>I.i</span> 
     </span>
    </p>
   </div>
   <div class='ocr_carea' id='block_1_3' title="bbox 79 674 1540 2045">
    <p class='ocr_par' dir='ltr' id='par_1_3' title="bbox 79 674 1540 2045">
     <span class='ocr_line' id='line_1_3' title="bbox 196 674 1476 727; baseline -0.001 -12"><span class='ocrx_word' id='word_1_6' title='bbox 196 678 270 715; x_wconf 92' lang='lat' dir='ltr'>To.</span> <span class='ocrx_word' id='word_1_7' title='bbox 303 676 382 726; x_wconf 87' lang='lat' dir='ltr'>Qui</span> <span class='ocrx_word' id='word_1_8' title='bbox 411 691 549 715; x_wconf 79' lang='lat' dir='ltr'>amans</span> <span class='ocrx_word' id='word_1_9' title='bbox 579 690 698 727; x_wconf 80' lang='lat' dir='ltr'>egens</span> <span class='ocrx_word' id='word_1_10' title='bbox 729 676 925 726; x_wconf 76' lang='lat' dir='ltr'>ingressus</span> <span class='ocrx_word' id='word_1_11' title='bbox 955 684 1014 715; x_wconf 83' lang='lat' dir='ltr'>est</span> <span class='ocrx_word' id='word_1_12' title='bbox 1043 676 1226 727; x_wconf 83' lang='lat' dir='ltr'>princeps</span> <span class='ocrx_word' id='word_1_13' title='bbox 1256 675 1296 715; x_wconf 92' lang='lat' dir='ltr'>in</span> <span class='ocrx_word' id='word_1_14' title='bbox 1318 674 1476 715; x_wconf 84' lang='lat' dir='ltr'>Amoris</span> 
     </span>
     <span class='ocr_line' id='line_1_4' title="bbox 1394 740 1478 779; baseline -0.012 0"><span class='ocrx_word' id='word_1_15' title='bbox 1394 740 1478 779; x_wconf 82' lang='lat' dir='ltr'>uias</span> 
     </span>
     <span class='ocr_line' id='line_1_5' title="bbox 302 806 1355 860; baseline 0.001 -14"><span class='ocrx_word' id='word_1_16' title='bbox 302 807 501 858; x_wconf 85' lang='lat' dir='ltr'>superauit</span> <span class='ocrx_word' id='word_1_17' title='bbox 521 807 720 846; x_wconf 82' lang='lat' dir='ltr'>aerumnis</span> <span class='ocrx_word' id='word_1_18' title='bbox 794 807 873 846; x_wconf 84' lang='lat' dir='ltr'>suis</span> <span class='ocrx_word' id='word_1_19' title='bbox 894 821 1101 846; x_wconf 78' lang='lat' dir='ltr'>aerumnas</span> <span class='ocrx_word' id='word_1_20' title='bbox 1122 806 1355 860; x_wconf 73' lang='lat' dir='ltr'>Hercul&lt;e&gt;i.</span> 
     </span>
     <span class='ocr_line' id='line_1_6' title="bbox 141 870 1474 923; baseline -0.001 -12"><span class='ocrx_word' id='word_1_21' title='bbox 141 886 232 911; x_wconf 87' lang='lat' dir='ltr'>nam</span> <span class='ocrx_word' id='word_1_22' title='bbox 249 886 340 911; x_wconf 87' lang='lat' dir='ltr'>cum</span> <span class='ocrx_word' id='word_1_23' title='bbox 361 875 487 920; x_wconf 88' lang='lat' dir='ltr'>leone,</span> <span class='ocrx_word' id='word_1_24' title='bbox 506 887 597 912; x_wconf 90' lang='lat' dir='ltr'>cum</span> <span class='ocrx_word' id='word_1_25' title='bbox 614 880 782 921; x_wconf 76' lang='lat' dir='ltr'>excetra,</span> <span class='ocrx_word' id='word_1_26' title='bbox 797 887 888 911; x_wconf 85' lang='lat' dir='ltr'>cum</span> <span class='ocrx_word' id='word_1_27' title='bbox 910 887 1039 921; x_wconf 87' lang='lat' dir='ltr'>ceruo,</span> <span class='ocrx_word' id='word_1_28' title='bbox 1058 875 1149 911; x_wconf 66' lang='lat' dir='ltr'>edm</span> <span class='ocrx_word' id='word_1_29' title='bbox 1170 886 1265 923; x_wconf 90' lang='lat' dir='ltr'>apro</span> <span class='ocrx_word' id='word_1_30' title='bbox 1281 870 1474 918; x_wconf 86' lang='lat' dir='ltr'>Aetolico,</span> 
     </span>
     <span class='ocr_line' id='line_1_7' title="bbox 141 936 1417 989; baseline -0.001 -13"><span class='ocrx_word' id='word_1_31' title='bbox 141 952 232 976; x_wconf 89' lang='lat' dir='ltr'>cum</span> <span class='ocrx_word' id='word_1_32' title='bbox 253 938 393 977; x_wconf 83' lang='lat' dir='ltr'>auibus</span> <span class='ocrx_word' id='word_1_33' title='bbox 415 938 705 989; x_wconf 83' lang='lat' dir='ltr'>Stymphalicis,</span> <span class='ocrx_word' id='word_1_34' title='bbox 729 952 819 976; x_wconf 88' lang='lat' dir='ltr'>cum</span> <span class='ocrx_word' id='word_1_35' title='bbox 842 940 999 976; x_wconf 80' lang='lat' dir='ltr'>Antaeo</span> <span class='ocrx_word' id='word_1_36' title='bbox 1021 937 1210 976; x_wconf 84' lang='lat' dir='ltr'>deluctari</span> <span class='ocrx_word' id='word_1_37' title='bbox 1232 936 1417 975; x_wconf 88' lang='lat' dir='ltr'>mauelim</span> 
     </span>
     <span class='ocr_line' id='line_1_8' title="bbox 102 1003 1514 1054; baseline -0.002 -12"><span class='ocrx_word' id='word_1_38' title='bbox 102 1016 118 1053; x_wconf 86' lang='lat'>5</span> <span class='ocrx_word' id='word_1_39' title='bbox 140 1017 260 1054; x_wconf 86' lang='lat' dir='ltr'>quam</span> <span class='ocrx_word' id='word_1_40' title='bbox 281 1006 372 1042; x_wconf 62' lang='lat' dir='ltr'>etim</span> <span class='ocrx_word' id='word_1_41' title='bbox 393 1006 565 1043; x_wconf 86' lang='lat' dir='ltr'>Amore:</span> <span class='ocrx_word' id='word_1_42' title='bbox 596 1003 649 1042; x_wconf 86' lang='lat' dir='ltr'>ita</span> <span class='ocrx_word' id='word_1_43' title='bbox 670 1005 722 1042; x_wconf 88' lang='lat' dir='ltr'>fio</span> <span class='ocrx_word' id='word_1_44' title='bbox 744 1003 861 1042; x_wconf 86' lang='lat' dir='ltr'>miser</span> <span class='ocrx_word' id='word_1_45' title='bbox 882 1004 1111 1053; x_wconf 85' lang='lat' dir='ltr'>quaerendo</span> <span class='ocrx_word' id='word_1_46' title='bbox 1132 1010 1294 1053; x_wconf 84' lang='lat' dir='ltr'>argento</span> <span class='ocrx_word' id='word_1_47' title='bbox 1315 1010 1454 1040; x_wconf 86' lang='lat' dir='ltr'>mutuo</span> <span class='ocrx_word' id='word_1_48' title='bbox 1497 1012 1514 1044; x_wconf 87' lang='lat'>5</span> 
     </span>
     <span class='ocr_line' id='line_1_9' title="bbox 139 1068 1476 1120; baseline -0.002 -12"><span class='ocrx_word' id='word_1_49' title='bbox 139 1083 213 1108; x_wconf 88' lang='lat' dir='ltr'>nec</span> <span class='ocrx_word' id='word_1_50' title='bbox 243 1069 456 1120; x_wconf 86' lang='lat' dir='ltr'>quicquam</span> <span class='ocrx_word' id='word_1_51' title='bbox 486 1068 561 1107; x_wconf 83' lang='lat' dir='ltr'>nisi</span> <span class='ocrx_word' id='word_1_52' title='bbox 590 1079 688 1108; x_wconf 85' lang='lat' dir='ltr'>·non</span> <span class='ocrx_word' id='word_1_53' title='bbox 719 1070 799 1107; x_wconf 83' lang='lat' dir='ltr'>est’</span> <span class='ocrx_word' id='word_1_54' title='bbox 821 1068 950 1108; x_wconf 86' lang='lat' dir='ltr'>sciunt</span> <span class='ocrx_word' id='word_1_55' title='bbox 980 1068 1077 1107; x_wconf 87' lang='lat' dir='ltr'>mihi</span> <span class='ocrx_word' id='word_1_56' title='bbox 1108 1068 1347 1119; x_wconf 85' lang='lat' dir='ltr'>respondere</span> <span class='ocrx_word' id='word_1_57' title='bbox 1376 1080 1476 1118; x_wconf 86' lang='lat' dir='ltr'>quos</span> 
     </span>
     <span class='ocr_line' id='line_1_10' title="bbox 1368 1146 1474 1183; baseline 0.009 -13"><span class='ocrx_word' id='word_1_58' title='bbox 1368 1146 1474 1183; x_wconf 88' lang='lat' dir='ltr'>rogo.</span> 
     </span>
     <span class='ocr_line' id='line_1_11' title="bbox 248 1198 1437 1252; baseline -0.003 -12"><span class='ocrx_word' id='word_1_59' title='bbox 248 1202 340 1240; x_wconf 68' lang='lat' dir='ltr'>SAG.</span> <span class='ocrx_word' id='word_1_60' title='bbox 373 1201 440 1252; x_wconf 86' lang='lat' dir='ltr'>qui</span> <span class='ocrx_word' id='word_1_61' title='bbox 461 1216 526 1240; x_wconf 86' lang='lat' dir='ltr'>ero</span> <span class='ocrx_word' id='word_1_62' title='bbox 548 1216 621 1240; x_wconf 83' lang='lat' dir='ltr'>suo</span> <span class='ocrx_word' id='word_1_63' title='bbox 642 1200 787 1240; x_wconf 84' lang='lat' dir='ltr'>seruire</span> <span class='ocrx_word' id='word_1_64' title='bbox 810 1203 892 1240; x_wconf 86' lang='lat' dir='ltr'>uolt</span> <span class='ocrx_word' id='word_1_65' title='bbox 915 1201 1018 1240; x_wconf 82' lang='lat' dir='ltr'>bene</span> <span class='ocrx_word' id='word_1_66' title='bbox 1039 1214 1174 1239; x_wconf 83' lang='lat' dir='ltr'>seruos</span> <span class='ocrx_word' id='word_1_67' title='bbox 1196 1198 1437 1246; x_wconf 86' lang='lat' dir='ltr'>seruitutem,</span> 
     </span>
     <span class='ocr_line' id='line_1_12' title="bbox 248 1266 1478 1318; baseline -0.002 -14"><span class='ocrx_word' id='word_1_68' title='bbox 248 1281 298 1305; x_wconf 90' lang='lat' dir='ltr'>ne</span> <span class='ocrx_word' id='word_1_69' title='bbox 319 1267 428 1306; x_wconf 86' lang='lat' dir='ltr'>illurn</span> <span class='ocrx_word' id='word_1_70' title='bbox 449 1269 593 1318; x_wconf 81' lang='lat' dir='ltr'>edepol</span> <span class='ocrx_word' id='word_1_71' title='bbox 615 1269 739 1306; x_wconf 87' lang='lat' dir='ltr'>multa</span> <span class='ocrx_word' id='word_1_72' title='bbox 760 1266 799 1305; x_wconf 90' lang='lat' dir='ltr'>in</span> <span class='ocrx_word' id='word_1_73' title='bbox 823 1275 982 1317; x_wconf 81' lang='lat' dir='ltr'><strong>pectore</strong></span> <span class='ocrx_word' id='word_1_74' title='bbox 1004 1280 1077 1305; x_wconf 82' lang='lat' dir='ltr'>suo</span> <span class='ocrx_word' id='word_1_75' title='bbox 1093 1267 1301 1304; x_wconf 84' lang='lat' dir='ltr'>conlocare</span> <span class='ocrx_word' id='word_1_76' title='bbox 1323 1272 1478 1315; x_wconf 78' lang='lat' dir='ltr'>oportet</span> 
     </span>
     <span class='ocr_line' id='line_1_13' title="bbox 141 1326 1321 1383; baseline -0.001 -13"><span class='ocrx_word' id='word_1_77' title='bbox 141 1346 243 1382; x_wconf 86' lang='lat' dir='ltr'>quae</span> <span class='ocrx_word' id='word_1_78' title='bbox 263 1346 330 1371; x_wconf 82' lang='lat' dir='ltr'>ero</span> <span class='ocrx_word' id='word_1_79' title='bbox 350 1334 504 1383; x_wconf 85' lang='lat' dir='ltr'>plaeere</span> <span class='ocrx_word' id='word_1_80' title='bbox 525 1326 684 1372; x_wconf 76' lang='lat' dir='ltr'>censeat¹</span> <span class='ocrx_word' id='word_1_81' title='bbox 706 1332 901 1383; x_wconf 77' lang='lat' dir='ltr'><strong>praesenti</strong></span> <span class='ocrx_word' id='word_1_82' title='bbox 923 1340 1043 1382; x_wconf 83' lang='lat' dir='ltr'>atque</span> <span class='ocrx_word' id='word_1_83' title='bbox 1063 1331 1217 1382; x_wconf 76' lang='lat' dir='ltr'>apsenti</span> <span class='ocrx_word' id='word_1_84' title='bbox 1238 1345 1321 1370; x_wconf 82' lang='lat' dir='ltr'>suo.</span> 
     </span>
     <span class='ocr_line' id='line_1_14' title="bbox 79 1395 1540 1449; baseline -0.003 -11"><span class='ocrx_word' id='word_1_85' title='bbox 79 1412 123 1438; x_wconf 90' lang='lat'>10</span> <span class='ocrx_word' id='word_1_86' title='bbox 142 1412 214 1448; x_wconf 84' lang='lat' dir='ltr'>ego</span> <span class='ocrx_word' id='word_1_87' title='bbox 235 1411 364 1448; x_wconf 85' lang='lat' dir='ltr'>neque</span> <span class='ocrx_word' id='word_1_88' title='bbox 385 1399 566 1438; x_wconf 78' lang='lat' dir='ltr'>lubenter</span> <span class='ocrx_word' id='word_1_89' title='bbox 586 1399 715 1438; x_wconf 81' lang='lat' dir='ltr'>seruio</span> <span class='ocrx_word' id='word_1_90' title='bbox 737 1413 867 1449; x_wconf 86' lang='lat' dir='ltr'>neque</span> <span class='ocrx_word' id='word_1_91' title='bbox 888 1398 971 1437; x_wconf 84' lang='lat' dir='ltr'>sati&#39;</span> <span class='ocrx_word' id='word_1_92' title='bbox 993 1412 1080 1437; x_wconf 78' lang='lat' dir='ltr'>sum</span> <span class='ocrx_word' id='word_1_93' title='bbox 1102 1411 1168 1436; x_wconf 89' lang='lat' dir='ltr'>ero</span> <span class='ocrx_word' id='word_1_94' title='bbox 1189 1411 1235 1436; x_wconf 87' lang='lat' dir='ltr'>ex</span> <span class='ocrx_word' id='word_1_95' title='bbox 1256 1395 1461 1443; x_wconf 80' lang='lat' dir='ltr'>sententia,</span> <span class='ocrx_word' id='word_1_96' title='bbox 1500 1408 1540 1430; x_wconf 93' lang='lat'>10</span> 
     </span>
     <span class='ocr_line' id='line_1_15' title="bbox 142 1462 1478 1515; baseline -0.001 -13"><span class='ocrx_word' id='word_1_97' title='bbox 142 1464 212 1502; x_wconf 85' lang='lat' dir='ltr'>sed</span> <span class='ocrx_word' id='word_1_98' title='bbox 242 1464 354 1513; x_wconf 81' lang='lat' dir='ltr'>quasi</span> <span class='ocrx_word' id='word_1_99' title='bbox 384 1464 492 1515; x_wconf 89' lang='lat' dir='ltr'>lippo</span> <span class='ocrx_word' id='word_1_100' title='bbox 514 1467 631 1504; x_wconf 84' lang='lat' dir='ltr'>oculo</span> <span class='ocrx_word' id='word_1_101' title='bbox 660 1479 722 1504; x_wconf 88' lang='lat' dir='ltr'>me</span> <span class='ocrx_word' id='word_1_102' title='bbox 751 1466 830 1503; x_wconf 87' lang='lat' dir='ltr'>eru&#39;</span> <span class='ocrx_word' id='word_1_103' title='bbox 852 1478 963 1503; x_wconf 84' lang='lat' dir='ltr'>meus</span> <span class='ocrx_word' id='word_1_104' title='bbox 988 1477 1151 1503; x_wconf 86' lang='lat' dir='ltr'>manum</span> <span class='ocrx_word' id='word_1_105' title='bbox 1178 1462 1375 1514; x_wconf 81' lang='lat' dir='ltr'>apstinere</span> <span class='ocrx_word' id='word_1_106' title='bbox 1400 1463 1478 1500; x_wconf 87' lang='lat' dir='ltr'>hau</span> 
     </span>
     <span class='ocr_line' id='line_1_16' title="bbox 1239 1527 1478 1578; baseline -0.004 -12"><span class='ocrx_word' id='word_1_107' title='bbox 1239 1527 1324 1578; x_wconf 88' lang='lat' dir='ltr'>quit</span> <span class='ocrx_word' id='word_1_108' title='bbox 1345 1535 1478 1566; x_wconf 85' lang='lat' dir='ltr'>tamen</span> 
     </span>
     <span class='ocr_line' id='line_1_17' title="bbox 142 1593 1267 1649; baseline -0.003 -14"><span class='ocrx_word' id='word_1_109' title='bbox 142 1597 237 1649; x_wconf 89' lang='lat' dir='ltr'>quin</span> <span class='ocrx_word' id='word_1_110' title='bbox 260 1597 312 1635; x_wconf 88' lang='lat' dir='ltr'>mi</span> <span class='ocrx_word' id='word_1_111' title='bbox 334 1596 510 1646; x_wconf 72' lang='lat' dir='ltr'>imperet,</span> <span class='ocrx_word' id='word_1_112' title='bbox 535 1596 630 1647; x_wconf 84' lang='lat' dir='ltr'>quin</span> <span class='ocrx_word' id='word_1_113' title='bbox 654 1610 716 1635; x_wconf 84' lang='lat' dir='ltr'>me</span> <span class='ocrx_word' id='word_1_114' title='bbox 737 1595 817 1634; x_wconf 78' lang='lat' dir='ltr'>suis</span> <span class='ocrx_word' id='word_1_115' title='bbox 839 1595 1006 1645; x_wconf 84' lang='lat' dir='ltr'>negotiis</span> <span class='ocrx_word' id='word_1_116' title='bbox 1029 1593 1267 1645; x_wconf 85' lang='lat' dir='ltr'>praefulciat.</span> 
     </span>
     <span class='ocr_line' id='line_1_18' title="bbox 195 1658 1480 1713; baseline -0.004 -12"><span class='ocrx_word' id='word_1_117' title='bbox 195 1665 269 1702; x_wconf 91' lang='lat' dir='ltr'>To.</span> <span class='ocrx_word' id='word_1_118' title='bbox 303 1662 390 1713; x_wconf 86' lang='lat' dir='ltr'>quis</span> <span class='ocrx_word' id='word_1_119' title='bbox 410 1661 488 1700; x_wconf 85' lang='lat' dir='ltr'>illie</span> <span class='ocrx_word' id='word_1_120' title='bbox 510 1671 567 1701; x_wconf 73' lang='lat' dir='ltr'>cst</span> <span class='ocrx_word' id='word_1_121' title='bbox 589 1662 656 1713; x_wconf 83' lang='lat' dir='ltr'>qui</span> <span class='ocrx_word' id='word_1_122' title='bbox 678 1670 815 1701; x_wconf 86' lang='lat' dir='ltr'>contra</span> <span class='ocrx_word' id='word_1_123' title='bbox 836 1675 899 1700; x_wconf 85' lang='lat' dir='ltr'>me</span> <span class='ocrx_word' id='word_1_124' title='bbox 920 1662 1050 1700; x_wconf 80' lang='lat' dir='ltr'>astat?</span> <span class='ocrx_word' id='word_1_125' title='bbox 1102 1662 1194 1699; x_wconf 73' lang='lat' dir='ltr'>SAG.</span> <span class='ocrx_word' id='word_1_126' title='bbox 1228 1659 1315 1710; x_wconf 85' lang='lat' dir='ltr'>quis</span> <span class='ocrx_word' id='word_1_127' title='bbox 1335 1658 1400 1697; x_wconf 78' lang='lat' dir='ltr'>hic</span> <span class='ocrx_word' id='word_1_128' title='bbox 1421 1665 1480 1697; x_wconf 86' lang='lat' dir='ltr'>est</span> 
     </span>
     <span class='ocr_line' id='line_1_19' title="bbox 943 1725 1480 1777; baseline -0.007 -12"><span class='ocrx_word' id='word_1_129' title='bbox 943 1726 1011 1777; x_wconf 82' lang='lat' dir='ltr'>qui</span> <span class='ocrx_word' id='word_1_130' title='bbox 1034 1725 1089 1765; x_wconf 83' lang='lat' dir='ltr'>sic</span> <span class='ocrx_word' id='word_1_131' title='bbox 1110 1733 1246 1764; x_wconf 87' lang='lat' dir='ltr'>contra</span> <span class='ocrx_word' id='word_1_132' title='bbox 1267 1739 1330 1764; x_wconf 85' lang='lat' dir='ltr'>rne</span> <span class='ocrx_word' id='word_1_133' title='bbox 1351 1725 1480 1762; x_wconf 79' lang='lat' dir='ltr'>astat?</span> 
     </span>
     <span class='ocr_line' id='line_1_20' title="bbox 195 1791 1479 1846; baseline -0.005 -11"><span class='ocrx_word' id='word_1_134' title='bbox 195 1798 270 1835; x_wconf 93' lang='lat' dir='ltr'>To.</span> <span class='ocrx_word' id='word_1_135' title='bbox 303 1795 439 1835; x_wconf 87' lang='lat' dir='ltr'>similis</span> <span class='ocrx_word' id='word_1_136' title='bbox 479 1803 536 1834; x_wconf 82' lang='lat' dir='ltr'>est</span> <span class='ocrx_word' id='word_1_137' title='bbox 575 1795 858 1846; x_wconf 77' lang='lat' dir='ltr'>Sagaristionis.</span> <span class='ocrx_word' id='word_1_138' title='bbox 921 1796 1012 1833; x_wconf 79' lang='lat' dir='ltr'><strong>SAG.</strong></span> <span class='ocrx_word' id='word_1_139' title='bbox 1046 1793 1210 1832; x_wconf 83' lang='lat' dir='ltr'>Toxilus</span> <span class='ocrx_word' id='word_1_140' title='bbox 1250 1791 1479 1842; x_wconf 86' lang='lat' dir='ltr'>hicquidem</span> 
     </span>
     <span class='ocr_line' id='line_1_21' title="bbox 1168 1858 1477 1898; baseline -0.003 -1"><span class='ocrx_word' id='word_1_141' title='bbox 1168 1873 1279 1898; x_wconf 85' lang='lat' dir='ltr'>meus</span> <span class='ocrx_word' id='word_1_142' title='bbox 1299 1858 1477 1897; x_wconf 85' lang='lat' dir='ltr'>amicust.</span> 
     </span>
     <span class='ocr_line' id='line_1_22' title="bbox 80 1925 1540 1979; baseline -0.001 -13"><span class='ocrx_word' id='word_1_143' title='bbox 80 1934 120 1971; x_wconf 87' lang='lat'>15</span> <span class='ocrx_word' id='word_1_144' title='bbox 196 1929 269 1966; x_wconf 95' lang='lat' dir='ltr'>To.</span> <span class='ocrx_word' id='word_1_145' title='bbox 303 1927 334 1966; x_wconf 81' lang='lat' dir='ltr'>is</span> <span class='ocrx_word' id='word_1_146' title='bbox 365 1935 422 1967; x_wconf 85' lang='lat' dir='ltr'>est</span> <span class='ocrx_word' id='word_1_147' title='bbox 453 1929 640 1979; x_wconf 81' lang='lat' dir='ltr'>profecto.</span> <span class='ocrx_word' id='word_1_148' title='bbox 701 1930 794 1968; x_wconf 73' lang='lat' dir='ltr'>SAG.</span> <span class='ocrx_word' id='word_1_149' title='bbox 828 1942 918 1967; x_wconf 88' lang='lat' dir='ltr'>eum</span> <span class='ocrx_word' id='word_1_150' title='bbox 955 1941 1040 1966; x_wconf 81' lang='lat' dir='ltr'>esse</span> <span class='ocrx_word' id='word_1_151' title='bbox 1072 1925 1223 1977; x_wconf 87' lang='lat' dir='ltr'>opinor.</span> <span class='ocrx_word' id='word_1_152' title='bbox 1283 1926 1357 1963; x_wconf 92' lang='lat' dir='ltr'>To.</span> <span class='ocrx_word' id='word_1_153' title='bbox 1390 1937 1482 1962; x_wconf 90' lang='lat' dir='ltr'>con·</span> <span class='ocrx_word' id='word_1_154' title='bbox 1504 1933 1540 1964; x_wconf 84' lang='lat'>15</span> 
     </span>
     <span class='ocr_line' id='line_1_23' title="bbox 721 1988 1477 2045; baseline -0.008 -12"><span class='ocrx_word' id='word_1_155' title='bbox 721 1994 883 2045; x_wconf 82' lang='lat' dir='ltr'>grediar.</span> <span class='ocrx_word' id='word_1_156' title='bbox 945 1996 1037 2033; x_wconf 68' lang='lat' dir='ltr'>SAG.</span> <span class='ocrx_word' id='word_1_157' title='bbox 1073 2000 1210 2031; x_wconf 82' lang='lat' dir='ltr'>contra</span> <span class='ocrx_word' id='word_1_158' title='bbox 1231 1988 1477 2040; x_wconf 83' lang='lat' dir='ltr'>adgredibor.</span> 
     </span>
    </p>
   </div>
   <div class='ocr_carea' id='block_1_4' title="bbox 188 2094 1480 2138">
    <p class='ocr_par' dir='ltr' id='par_1_4' title="bbox 188 2094 1480 2138">
     <span class='ocr_line' id='line_1_24' title="bbox 188 2094 1480 2138; baseline -0.005 -9"><span class='ocrx_word' id='word_1_159' title='bbox 188 2108 199 2129; x_wconf 95' lang='lat'>1</span> <span class='ocrx_word' id='word_1_160' title='bbox 227 2109 264 2129; x_wconf 85' lang='lat' dir='ltr'>es</span> <span class='ocrx_word' id='word_1_161' title='bbox 281 2097 314 2128; x_wconf 85' lang='lat' dir='ltr'><em>P</em></span> <span class='ocrx_word' id='word_1_162' title='bbox 400 2098 487 2128; x_wconf 85' lang='lat' dir='ltr'>uiam</span> <span class='ocrx_word' id='word_1_163' title='bbox 504 2098 591 2129; x_wconf 65' lang='lat' dir='ltr'>codd.</span> <span class='ocrx_word' id='word_1_164' title='bbox 613 2098 801 2129; x_wconf 71' lang='lat' dir='ltr'>scholiastae</span> <span class='ocrx_word' id='word_1_165' title='bbox 817 2099 851 2129; x_wconf 75' lang='lat' dir='ltr'>in</span> <span class='ocrx_word' id='word_1_166' title='bbox 872 2097 964 2138; x_wconf 69' lang='lat' dir='ltr'>Vetg.</span> <span class='ocrx_word' id='word_1_167' title='bbox 984 2097 1063 2128; x_wconf 84' lang='lat' dir='ltr'><em>Buc.</em></span> <span class='ocrx_word' id='word_1_168' title='bbox 1087 2106 1136 2135; x_wconf 87' lang='lat'>10,</span> <span class='ocrx_word' id='word_1_169' title='bbox 1151 2098 1195 2135; x_wconf 89' lang='lat'>69</span> <span class='ocrx_word' id='word_1_170' title='bbox 1212 2095 1257 2136; x_wconf 77' lang='lat' dir='ltr'>(A</span> <span class='ocrx_word' id='word_1_171' title='bbox 1279 2106 1310 2125; x_wconf 88' lang='lat' dir='ltr'>n.</span> <span class='ocrx_word' id='word_1_172' title='bbox 1332 2094 1371 2133; x_wconf 83' lang='lat' dir='ltr'>l.)</span> <span class='ocrx_word' id='word_1_173' title='bbox 1461 2104 1480 2123; x_wconf 89' lang='lat'><strong><em>2</em></strong></span> 
     </span>
    </p>
   </div>
   <div class='ocr_carea' id='block_1_5' title="bbox 140 2137 1482 2400">
    <p class='ocr_par' dir='ltr' id='par_1_5' title="bbox 140 2137 1482 2400">
     <span class='ocr_line' id='line_1_25' title="bbox 144 2137 1479 2184; baseline -0.007 -8"><span class='ocrx_word' id='word_1_174' title='bbox 144 2145 229 2184; x_wconf 82' lang='lat' dir='ltr'>suis]</span> <span class='ocrx_word' id='word_1_175' title='bbox 249 2146 281 2175; x_wconf 87' lang='lat' dir='ltr'>in</span> <span class='ocrx_word' id='word_1_176' title='bbox 300 2145 372 2174; x_wconf 84' lang='lat' dir='ltr'>suis</span> <span class='ocrx_word' id='word_1_177' title='bbox 390 2144 478 2174; x_wconf 78' lang='lat' dir='ltr'>codd.</span> <span class='ocrx_word' id='word_1_178' title='bbox 498 2143 596 2173; x_wconf 73' lang='lat' dir='ltr'>schol.</span> <span class='ocrx_word' id='word_1_179' title='bbox 621 2142 712 2183; x_wconf 80' lang='lat' dir='ltr'><em>Verg.</em></span> <span class='ocrx_word' id='word_1_180' title='bbox 1273 2148 1293 2177; x_wconf 84' lang='lat'><strong>3</strong></span> <span class='ocrx_word' id='word_1_181' title='bbox 1319 2137 1385 2178; x_wconf 82' lang='lat' dir='ltr'>[ct]</span> <span class='ocrx_word' id='word_1_182' title='bbox 1405 2147 1479 2167; x_wconf 88' lang='lat' dir='ltr'>cum</span> 
     </span>
     <span class='ocr_line' id='line_1_26' title="bbox 141 2181 1474 2227; baseline -0.005 -9"><span class='ocrx_word' id='word_1_183' title='bbox 141 2198 171 2218; x_wconf 87' lang='lat' dir='ltr'>e.</span> <span class='ocrx_word' id='word_1_184' title='bbox 193 2187 223 2216; x_wconf 83' lang='lat' dir='ltr'><em>P</em></span> <span class='ocrx_word' id='word_1_185' title='bbox 382 2198 400 2225; x_wconf 87' lang='lat'><strong>4</strong></span> <span class='ocrx_word' id='word_1_186' title='bbox 427 2198 478 2217; x_wconf 80' lang='lat' dir='ltr'>me</span> <span class='ocrx_word' id='word_1_187' title='bbox 497 2186 559 2216; x_wconf 84' lang='lat' dir='ltr'>del.</span> <span class='ocrx_word' id='word_1_188' title='bbox 581 2186 762 2217; x_wconf 81' lang='lat' dir='ltr'>malueram</span> <span class='ocrx_word' id='word_1_189' title='bbox 783 2188 857 2227; x_wconf 76' lang='lat' dir='ltr'>(pro</span> <span class='ocrx_word' id='word_1_190' title='bbox 875 2185 933 2215; x_wconf 83' lang='lat' dir='ltr'>·im</span> <span class='ocrx_word' id='word_1_191' title='bbox 946 2187 970 2224; x_wconf 68' lang='lat'>2)</span> <span class='ocrx_word' id='word_1_192' title='bbox 990 2184 1085 2215; x_wconf 79' lang='lat' dir='ltr'>schol.</span> <span class='ocrx_word' id='word_1_193' title='bbox 1112 2183 1217 2224; x_wconf 75' lang='lat' dir='ltr'>Verg..</span> <span class='ocrx_word' id='word_1_194' title='bbox 1241 2181 1381 2220; x_wconf 75' lang='lat' dir='ltr'>undefi!</span> <span class='ocrx_word' id='word_1_195' title='bbox 1395 2191 1474 2212; x_wconf 83' lang='lat' dir='ltr'><em>vers.</em></span> 
     </span>
     <span class='ocr_line' id='line_1_27' title="bbox 141 2226 1479 2270; baseline -0.005 -9"><span class='ocrx_word' id='word_1_196' title='bbox 141 2231 368 2270; x_wconf 78' lang='lat' dir='ltr'>anapaesticus</span> <span class='ocrx_word' id='word_1_197' title='bbox 522 2231 542 2260; x_wconf 91' lang='lat'>8</span> <span class='ocrx_word' id='word_1_198' title='bbox 565 2230 688 2269; x_wconf 81' lang='lat' dir='ltr'>edepol</span> <span class='ocrx_word' id='word_1_199' title='bbox 710 2230 799 2260; x_wconf 85' lang='lat' dir='ltr'>illum</span> <span class='ocrx_word' id='word_1_200' title='bbox 819 2229 852 2259; x_wconf 88' lang='lat' dir='ltr'><em>P</em></span> <span class='ocrx_word' id='word_1_201' title='bbox 1011 2239 1032 2267; x_wconf 93' lang='lat'><strong>9</strong></span> <span class='ocrx_word' id='word_1_202' title='bbox 1056 2230 1218 2267; x_wconf 62' lang='lat' dir='ltr'>anaenn</span> <span class='ocrx_word' id='word_1_203' title='bbox 1237 2226 1270 2256; x_wconf 85' lang='lat' dir='ltr'><em>A</em></span> <span class='ocrx_word' id='word_1_204' title='bbox 1440 2234 1479 2255; x_wconf 90' lang='lat'>10</span> 
     </span>
     <span class='ocr_line' id='line_1_28' title="bbox 141 2270 1482 2312; baseline -0.005 -8"><span class='ocrx_word' id='word_1_205' title='bbox 141 2274 232 2304; x_wconf 68' lang='lat' dir='ltr'>serui</span> <span class='ocrx_word' id='word_1_206' title='bbox 249 2274 281 2304; x_wconf 83' lang='lat' dir='ltr'><em>A</em></span> <span class='ocrx_word' id='word_1_207' title='bbox 423 2284 460 2303; x_wconf 80' lang='lat'>12</span> <span class='ocrx_word' id='word_1_208' title='bbox 485 2272 574 2311; x_wconf 82' lang='lat' dir='ltr'>Quid</span> <span class='ocrx_word' id='word_1_209' title='bbox 594 2273 625 2302; x_wconf 82' lang='lat' dir='ltr'><em>P</em></span> <span class='ocrx_word' id='word_1_210' title='bbox 767 2283 814 2312; x_wconf 79' lang='lat'>13,</span> <span class='ocrx_word' id='word_1_211' title='bbox 841 2283 878 2311; x_wconf 89' lang='lat'>14</span> <span class='ocrx_word' id='word_1_212' title='bbox 903 2272 1030 2303; x_wconf 69' lang='lat' dir='ltr'>inverso</span> <span class='ocrx_word' id='word_1_213' title='bbox 1046 2271 1158 2302; x_wconf 77' lang='lat' dir='ltr'>ordine</span> <span class='ocrx_word' id='word_1_214' title='bbox 1174 2270 1207 2301; x_wconf 86' lang='lat' dir='ltr'><em>A</em></span> <span class='ocrx_word' id='word_1_215' title='bbox 1230 2272 1273 2310; x_wconf 88' lang='lat' dir='ltr'>(v.</span> <span class='ocrx_word' id='word_1_216' title='bbox 1298 2279 1336 2308; x_wconf 76' lang='lat'>13</span> <span class='ocrx_word' id='word_1_217' title='bbox 1348 2272 1482 2309; x_wconf 75' lang='lat' dir='ltr'>propter</span> 
     </span>
     <span class='ocr_line' id='line_1_29' title="bbox 140 2312 1476 2356; baseline -0.004 -9"><span class='ocrx_word' id='word_1_218' title='bbox 140 2317 365 2348; x_wconf 76' lang='lat' dir='ltr'>homoeoarclt.</span> <span class='ocrx_word' id='word_1_219' title='bbox 381 2317 633 2356; x_wconf 56' lang='lat' dir='ltr'>practerntissns</span> <span class='ocrx_word' id='word_1_220' title='bbox 654 2321 742 2355; x_wconf 73' lang='lat' dir='ltr'>eral3</span> <span class='ocrx_word' id='word_1_221' title='bbox 768 2318 798 2348; x_wconf 87' lang='lat' dir='ltr'>ii.</span> <span class='ocrx_word' id='word_1_222' title='bbox 818 2316 852 2346; x_wconf 47' lang='grc' dir='ltr'>ὃὸ</span> <span class='ocrx_word' id='word_1_223' title='bbox 1035 2325 1071 2355; x_wconf 84' lang='lat'>13</span> <span class='ocrx_word' id='word_1_224' title='bbox 1096 2315 1152 2354; x_wconf 88' lang='lat' dir='ltr'>qui</span> <span class='ocrx_word' id='word_1_225' title='bbox 1178 2315 1226 2344; x_wconf 79' lang='lat' dir='ltr'>sic</span> <span class='ocrx_word' id='word_1_226' title='bbox 1249 2312 1396 2344; x_wconf 79' lang='lat' dir='ltr'>Schoell:</span> <span class='ocrx_word' id='word_1_227' title='bbox 1421 2313 1476 2351; x_wconf 85' lang='lat' dir='ltr'>qui</span> 
     </span>
     <span class='ocr_line' id='line_1_30' title="bbox 141 2356 1482 2400; baseline -0.004 -9"><span class='ocrx_word' id='word_1_228' title='bbox 141 2362 168 2391; x_wconf 80' lang='lat' dir='ltr'>si</span> <span class='ocrx_word' id='word_1_229' title='bbox 186 2361 217 2391; x_wconf 82' lang='lat' dir='ltr'><em>A</em></span> <span class='ocrx_word' id='word_1_230' title='bbox 237 2373 243 2392; x_wconf 93' lang='lat'>:</span> <span class='ocrx_word' id='word_1_231' title='bbox 267 2361 321 2400; x_wconf 86' lang='lat' dir='ltr'>qui</span> <span class='ocrx_word' id='word_1_232' title='bbox 342 2361 373 2391; x_wconf 77' lang='lat' dir='ltr'>P</span> <span class='ocrx_word' id='word_1_233' title='bbox 389 2360 491 2391; x_wconf 56' lang='lat' dir='ltr'>stude</span> <span class='ocrx_word' id='word_1_234' title='bbox 505 2360 580 2400; x_wconf 80' lang='lat' dir='ltr'>quis</span> <span class='ocrx_word' id='word_1_235' title='bbox 597 2361 663 2391; x_wconf 88' lang='lat' dir='ltr'>illic</span> <span class='ocrx_word' id='word_1_236' title='bbox 681 2366 731 2391; x_wconf 81' lang='lat' dir='ltr'>est</span> <span class='ocrx_word' id='word_1_237' title='bbox 748 2360 804 2400; x_wconf 86' lang='lat' dir='ltr'>qui</span> <span class='ocrx_word' id='word_1_238' title='bbox 822 2359 927 2397; x_wconf 71' lang='lat' dir='ltr'><em>Bach)</em></span> <span class='ocrx_word' id='word_1_239' title='bbox 1065 2369 1101 2397; x_wconf 85' lang='lat'>14</span> <span class='ocrx_word' id='word_1_240' title='bbox 1127 2356 1342 2397; x_wconf 77' lang='lat' dir='ltr'>sagaristioni</span> <span class='ocrx_word' id='word_1_241' title='bbox 1360 2356 1404 2393; x_wconf 82' lang='lat' dir='ltr'>A,</span> <span class='ocrx_word' id='word_1_242' title='bbox 1425 2356 1482 2386; x_wconf 75' lang='lat' dir='ltr'>vix</span> 
     </span>
    </p>
   </div>
   <div class='ocr_carea' id='block_1_6' title="bbox 141 2401 1479 2488">
    <p class='ocr_par' dir='ltr' id='par_1_6' title="bbox 141 2401 1479 2488">
     <span class='ocr_line' id='line_1_31' title="bbox 142 2401 1479 2444; baseline -0.003 -10"><span class='ocrx_word' id='word_1_243' title='bbox 142 2403 339 2435; x_wconf 80' lang='lat' dir='ltr'>Plaulinmn</span> <span class='ocrx_word' id='word_1_244' title='bbox 516 2415 552 2444; x_wconf 84' lang='lat'>15</span> <span class='ocrx_word' id='word_1_245' title='bbox 577 2405 627 2435; x_wconf 85' lang='lat' dir='ltr'>vel</span> <span class='ocrx_word' id='word_1_246' title='bbox 640 2405 744 2444; x_wconf 91' lang='lat' dir='ltr'>opino</span> <span class='ocrx_word' id='word_1_247' title='bbox 886 2414 912 2434; x_wconf 91' lang='lat' dir='ltr'>c.</span> <span class='ocrx_word' id='word_1_248' title='bbox 929 2402 1111 2442; x_wconf 79' lang='lat' dir='ltr'>adgredior</span> <span class='ocrx_word' id='word_1_249' title='bbox 1129 2401 1162 2432; x_wconf 87' lang='lat' dir='ltr'><em>P</em></span> <span class='ocrx_word' id='word_1_250' title='bbox 1177 2401 1247 2442; x_wconf 70' lang='lat' dir='ltr'>(vix</span> <span class='ocrx_word' id='word_1_251' title='bbox 1257 2405 1320 2441; x_wconf 80' lang='lat' dir='ltr'>pro</span> <span class='ocrx_word' id='word_1_252' title='bbox 1337 2404 1479 2431; x_wconf 79' lang='lat' dir='ltr'>contran</span> 
     </span>
     <span class='ocr_line' id='line_1_32' title="bbox 141 2449 357 2488; baseline 0 -9"><span class='ocrx_word' id='word_1_253' title='bbox 141 2449 321 2488; x_wconf 80' lang='lat' dir='ltr'>adgredior</span> <span class='ocrx_word' id='word_1_254' title='bbox 334 2451 357 2486; x_wconf 68' lang='grc' dir='ltr'>ἓ)</span> 
     </span>
    </p>
   </div>
  </div>
 </body>
</html>
