1747 2740
147 149 186 187 V
623 151 670 190 T.
704 151 885 191 MACCI
918 151 1122 189 PLAVTI

206 263 353 302 STRAT.
386 276 454 313 par
474 261 555 313 pari
576 263 798 313 respondet.
859 275 996 300 uerum
1018 275 1125 300 nunc
1144 262 1295 310 saltem,
1317 261 1400 303 †si†
1417 275 1539 310 amas,

205 328 283 367 dan
305 336 346 366 tu
369 328 464 366 mihi
485 329 535 367 de
556 327 632 366 tuis
653 327 803 366 deliciis
825 332 936 366 †sum
958 326 1174 377 quicquid†
1194 327 1451 378 pauxillulum
1465 328 1484 366 ἲ
1559 339 1630 375 940

207 395 282 431 ΡΗ.
313 393 411 443 quid
431 393 481 440 id,
504 394 660 441 amabo,
682 400 740 432 est
761 394 871 444 quod
891 394 982 432 dem
1000 394 1017 430 Ρ
1050 392 1140 432 †dic
1161 400 1245 431 turn
1265 405 1382 443 super
1400 391 1496 434 feri†

145 471 188 503 50
208 460 379 509 Campas
400 458 496 497 dicit
516 458 656 499 †auaui
678 459 926 498 consultam†
949 458 1049 496 istuc
1064 473 1075 506 3
1104 457 1158 496 mi
1178 459 1311 506 homo,

204 537 302 563 caue
323 523 417 562 faxis
438 525 581 563 uolnus
602 523 672 563 tibi
693 524 771 563 iarn
793 524 887 575 quoi
907 531 1000 562 sunt
1020 525 1159 563 dentes
1179 523 1301 563 ferrei.

204 590 350 628 STRAT.
385 590 502 640 uolgo
541 590 592 628 ad
632 603 673 628 se
712 589 842 628 omnis
875 588 1126 628 intromittit:
1173 588 1328 640 apstine
1366 587 1463 627 istac
1497 595 1540 626 tu

1365 666 1539 692 manum.

203 721 350 759 STRAB.
384 720 460 758 iarn
482 721 612 760 hercle
633 734 724 760 cum
743 734 886 771 magno
899 718 1040 772 (malo)
1056 727 1096 758 tu
1113 721 1257 771 uapula
1273 719 1332 758 uir
1347 726 1538 758 strenuos.
1560 731 1627 768 945

203 786 352 824 STRAT.
383 786 476 825 dedi
507 800 580 836 ego
615 786 707 825 huic
740 800 890 825 aurum.
964 788 1112 825 STRAB.
1143 793 1183 824 at
1214 798 1288 835 ego
1320 791 1536 835 argentum.

942 853 1090 890 STRAT.
1123 854 1212 891 †eat
1230 850 1343 901 apale
1363 853 1537 900 puram†.

141 928 181 960 55
203 916 350 954 STRAB.
381 924 420 955 at
440 930 513 966 ego
534 916 620 955 ouis
641 924 679 956 et
699 918 830 955 lanam
851 924 890 956 et
909 916 985 955 alia
1005 917 1129 955 multa
1145 928 1246 966 quae
1266 921 1403 966 poscet
1418 913 1534 953 dabo.

201 980 358 1019 meliust
379 989 416 1019 te
437 981 552 1019 minis
573 989 720 1020 certare
741 995 898 1020 meeum
920 995 1040 1032 quam
1062 979 1250 1019 minaciis.

202 1047 276 1084 PH.
308 1046 473 1096 lepidu's
494 1055 646 1086 ecastor
667 1047 853 1095 mortalis,
877 1047 931 1086 mi
951 1047 1126 1094 Strabax,
1149 1059 1266 1098 perge
1285 1058 1461 1096 opsecro.

200 1112 269 1149 As.
301 1113 441 1150 stultus
456 1120 576 1162 atque
592 1112 753 1151 insanus
774 1112 930 1152 damnis
947 1120 1097 1152 certant
1113 1128 1119 1151 :
1150 1125 1222 1151 nos
1239 1113 1371 1150 saluae
1387 1124 1534 1151 sumus.
1556 1122 1626 1159 950

200 1178 347 1216 STRAT.
379 1191 450 1228 age
483 1178 588 1229 prior
621 1180 742 1229 perde
775 1178 936 1230 aliquid.
1007 1180 1154 1218 STRAB.
1195 1177 1319 1217 immo
1353 1185 1395 1216 tu
1433 1177 1538 1228 prior

1242 1244 1363 1294 perde
1383 1250 1421 1282 et
1440 1242 1533 1293 peri.

136 1314 179 1345 60
199 1309 346 1347 STRAT.
379 1323 441 1347 ern
459 1308 529 1348 tibi
546 1311 736 1348 talentum
749 1309 910 1360 argenti.
954 1309 1244 1360 †Philippices†
1259 1316 1328 1355 est,
1344 1316 1435 1347 tene
1450 1307 1532 1347 tibi.

198 1374 272 1411 PH.
306 1381 415 1412 tanto
438 1374 574 1413 melior
593 1391 600 1413 :
631 1383 763 1414 noster
784 1376 996 1414 esto—sed
1017 1376 1067 1413 de
1088 1382 1222 1412 uostro
1243 1373 1378 1412 uiuito.

196 1440 344 1478 STRAT.
376 1438 444 1478 ubi
462 1446 519 1477 est
535 1441 644 1489 quod
666 1448 707 1478 tu
724 1441 824 1479 das?
854 1442 965 1479 solue
981 1453 1132 1487 zonam,
1148 1446 1393 1489 prouocator.
1437 1438 1535 1489 quid

1390 1504 1506 1544 times
1518 1506 1536 1543 Ρ

239 1619 304 1650 939
327 1608 405 1652 (et)
430 1610 458 1640 si
486 1608 641 1652 (istunc)
673 1621 700 1640 a.
729 1609 795 1640 Leo
929 1621 996 1650 940
1020 1610 1149 1641 deliciis
1177 1609 1272 1641 Ναὶς
1307 1608 1440 1640 delictis
1465 1608 1532 1641 cod.

186 1653 266 1693 sort.
286 1664 441 1693 umquam
465 1654 529 1693 (vel
553 1655 751 1694 numquam)
771 1654 851 1693 quid
873 1655 938 1693 (vel
951 1655 1058 1695 quod»
1081 1655 1135 1694 (cs.
1152 1654 1199 1685 ad
1213 1665 1241 1685 v.
1259 1658 1339 1694 595⁸
1429 1653 1534 1693 pusil-

196 1698 299 1728 lulum
326 1697 358 1727 Β
384 1698 462 1737 (pro
491 1701 602 1736 paus.)
783 1708 844 1737 941
873 1699 954 1737 quid
988 1701 1033 1729 ita
1060 1698 1167 1730 ababo
1196 1698 1308 1738 (alabo
1337 1697 1389 1728 B:
1424 1697 1533 1728 abauo

196 1740 286 1777 PCD)
314 1747 364 1772 est
390 1741 481 1780 quod
511 1741 597 1771 idem
628 1740 717 1772 cod.:
745 1752 823 1773 corr.
853 1741 1043 1773 Palmerius
1165 1742 1231 1772 sert
1256 1741 1334 1771 PCD
1448 1741 1531 1780 sort.

197 1785 361 1815 dictatura
380 1789 414 1814 tu
431 1785 616 1824 supersede
791 1796 855 1825 942
880 1796 982 1825 capas
1002 1786 1034 1816 Β
1144 1787 1185 1816 ab
1204 1786 1257 1816 aui
1281 1784 1355 1815 ΡΠ)
1449 1785 1532 1825 sort.

197 1829 405 1859 iconsultum
418 1829 449 1867 i.‚
464 1829 506 1858 mi
521 1829 571 1867 h.;
635 1839 729 1867 caue,
745 1830 773 1860 si
794 1830 894 1864 dicat,
910 1831 943 1860 in
959 1835 1048 1861 tuam
1064 1830 1166 1860 uitam
1178 1830 1220 1861 sit
1232 1829 1420 1860 consultum
1433 1828 1530 1870 istuc,

197 1873 351 1902 mihomo
367 1871 536 1902 Buecheler
632 1882 697 1912 943
725 1884 845 1904 uomus
862 1873 895 1903 B
962 1884 1034 1904 sum
1053 1875 1082 1904 d.
1102 1873 1135 1903 Β
1230 1883 1295 1913 945
1319 1883 1394 1904 cum
1409 1883 1532 1913 magno

197 1916 283 1945 malo
307 1915 431 1946 Bothe:
472 1917 534 1946 iam
568 1927 690 1955 magno
715 1917 782 1949 cod.
893 1923 943 1949 tut
967 1918 999 1948 B
1105 1918 1254 1949 strenuis
1277 1917 1311 1948 Β
1419 1915 1532 1959 (ΡΗ.)

196 1960 247 1989 uir
263 1961 433 1990 strenuo's
455 1958 589 2000 Sejffi‘ti
608 1960 720 2001 gBurs.
740 1961 927 2000 Jahresber.
950 1963 1042 2002 1894,
1063 1972 1095 2001 p.
1112 1965 1190 2001 3245
1324 1962 1390 2001 946
1412 1970 1531 1992 aurum

196 2002 349 2033 Merula:
374 2003 493 2033 mirum
518 2004 584 2035 cod.
680 2011 714 2036 at
741 2016 804 2044 ego
832 2005 953 2045 pallam
979 2012 1013 2036 et
1041 2016 1221 2045 purpuram
1241 2004 1474 2036 Camerarius:
1498 2009 1532 2036 at

196 2057 259 2086 ego
286 2047 423 2078 ancillas
453 2053 527 2078 tura
558 2059 740 2089 purpuram
767 2048 894 2079 Schocll
1025 2060 1088 2089 947
1113 2056 1145 2080 et
1163 2049 1271 2080 lanam
1297 2048 1532 2080 Camerarius:

195 2090 260 2120 etia
279 2101 354 2121 nam
371 2091 438 2123 cod.
531 2097 642 2123 roscet
659 2093 728 2123 cod.
822 2093 922 2133 dabo]
942 2092 1055 2124 dolum
1080 2093 1111 2123 B
1241 2093 1307 2132 948
1329 2091 1447 2123 melius
1462 2092 1530 2124 cod.

195 2135 295 2165 minis
320 2134 556 2166 Camerarius:
583 2136 770 2177 minis[ter]
790 2136 856 2168 cod.
875 2137 935 2177 (iv.
953 2138 987 2175 35}
1078 2142 1241 2168 certarem
1269 2136 1301 2166 B
1441 2146 1530 2175 949-

193 2180 232 2209 61
252 2181 280 2208 et
294 2180 357 2218 967
373 2180 576 2219 paucissima
595 2180 752 2219 leguntur
773 2181 805 2210 A
907 2191 971 2220 949
996 2181 1195 2217 (mclcastor
1219 2181 1250 2210 A
1320 2179 1363 2210 mi
1382 2179 1528 2211 Strabax

197 2221 349 2252 Gm‘ctus:
376 2223 460 2263 [est]
478 2224 613 2254 Strabax
631 2224 674 2253 mi
693 2223 732 2260 P,
749 2224 782 2253 A
797 2223 862 2254 71.l.
995 2235 1060 2263 950
1084 2225 1207 2255 dannis
1221 2223 1260 2258 P.
1276 2224 1307 2254 A
1322 2223 1376 2254 n.I.
1422 2224 1527 2254 sumis

195 2265 227 2295 Β
243 2267 300 2299 (ξίν.
319 2271 354 2305 gl
499 2277 559 2306 95¹
590 2268 695 2307 perde
721 2267 876 2298 Mueller:
902 2268 979 2297 tirot
999 2267 1047 2298 B:
1075 2274 1152 2307 tyro
1176 2267 1231 2298 D:
1257 2274 1402 2307 tyranno
1427 2266 1456 2297 C
1477 2267 1526 2305 (A

197 2309 279 2340 ml.)
427 2319 492 2349 952
517 2310 679 2340 talentum
705 2310 805 2342 lma:
838 2311 904 2341 tale
935 2316 1046 2341 actum
1078 2311 1117 2349 P,
1144 2311 1177 2341 A
1197 2322 1227 2342 n.
1259 2311 1278 2341 Ι.
1314 2310 1361 2351 (Α
1387 2315 1450 2351 pro
1481 2310 1526 2350 N)

197 2352 344 2392 Philippi
365 2354 416 2383 hic
435 2358 495 2386 est.
517 2364 568 2384 cm
589 2359 610 2384 t.
625 2359 648 2385 t.
666 2353 816 2385 schoah:
840 2355 895 2384 vix
914 2353 1170 2393 Philippicense
1187 2360 1250 2388 est.
1271 2359 1292 2385 t.
1313 2359 1336 2386 t.
1461 2362 1526 2393 953

195 2397 237 2426 de
263 2396 494 2427 Camerarius:
527 2402 559 2427 et
576 2397 616 2435 P,
643 2398 676 2427 A
692 2408 725 2428 n.
742 2398 764 2429 l.
900 2408 963 2436 954
989 2408 1096 2429 xonas
1118 2397 1159 2437 Ρ,
1178 2398 1210 2427 Α
1233 2397 1300 2428 t1.l.
1399 2407 1524 2436 prouo-

195 2445 290 2470 catur
313 2440 353 2480 P,
373 2440 406 2470 A
424 2451 456 2470 n.
475 2440 494 2470 l.
