1747 2740
203 141 232 179 Ι.
254 141 284 178 ii
676 144 722 180 T.
757 142 938 182 MACCI
970 143 1173 181 PLAVTI

251 254 327 291 AG.
359 252 437 292 iam
465 255 595 293 hercle
623 262 663 293 tu
688 253 847 305 periisti,
870 253 944 293 nisi
966 254 1071 293 illam
1100 254 1195 294 mihi
1223 263 1303 294 tam
1333 256 1583 306 tranquillam
1603 268 1669 305 355

1490 322 1584 362 facis

250 399 368 435 quam
392 399 497 424 mare
517 385 649 424 olimst
670 386 792 436 quom
814 385 869 424 ibi
889 387 1029 425 alcedo
1050 388 1177 437 pullos
1199 387 1332 426 educit
1353 401 1456 426 suos.

168 469 229 501 150
251 452 325 489 MI.
357 451 453 501 quid
479 451 652 489 faciam?
709 453 785 489 AG.
816 464 944 499 exora,
974 451 1163 499 blandire,
1187 453 1361 502 expalpa.
1426 453 1498 490 Mi.
1535 453 1584 490 sa-

1309 517 1410 555 ciam
1431 518 1581 556 sedulo.

247 582 319 620 sed
339 581 433 620 uide
454 581 505 619 sis
527 595 576 620 ne
597 588 638 620 tu
660 588 855 620 oratorem
876 582 983 620 hunc
1004 581 1144 632 pugnis
1166 590 1299 632 pectas
1320 591 1468 633 postea.

246 648 323 684 AG.
355 660 436 685 non
467 646 619 685 faciam.
691 649 796 685 ΑΒΕ.
829 659 910 685 non
937 660 1086 697 aequos
1108 647 1147 685 in
1169 660 1232 686 me
1256 660 1308 695 es,
1332 649 1402 686 sed
1433 661 1584 687 morare

1292 720 1330 752 et
1352 715 1454 752 male
1474 713 1579 752 facis.

245 777 349 816 bene
370 777 564 827 promittis
586 778 709 815 multa
729 791 776 816 ex
797 777 953 816 multis:
984 777 1118 817 omnia
1138 777 1335 816 incassum
1357 779 1516 817 cadunt.
1601 784 1670 828 360

244 843 409 881 liberare
430 842 605 881 iurauisti
627 856 690 881 me
711 844 788 880 hau
810 845 932 881 semel
953 844 1022 882 sed
1044 843 1220 882 centiens
1240 859 1247 881 :

166 921 226 955 155
246 909 344 947 dum
379 914 417 946 te
451 916 648 958 exspecto,
680 921 810 958 neque
845 922 918 958 ego
953 921 1120 958 usquam
1155 908 1271 947 aliam
1311 909 1407 947 mihi
1446 909 1581 960 paraui

1425 975 1581 1025 copiam

245 1051 377 1089 neque
397 1038 496 1077 istuc
517 1051 684 1088 usquam
705 1046 867 1089 apparet
883 1053 891 1085 ;
925 1038 978 1077 ita
998 1052 1104 1078 nunc
1125 1039 1254 1078 seruio
1274 1039 1399 1078 nihilo
1419 1040 1560 1079 minus.

245 1104 269 1151 i,
291 1117 410 1142 soror.
464 1105 636 1154 apscede
652 1112 693 1142 tu
709 1118 732 1142 a
748 1118 821 1142 me.
878 1106 952 1142 AG.
976 1104 1071 1155 perii
1089 1108 1096 1143 1
1135 1105 1280 1155 ecquid
1292 1105 1360 1152 ais,
1380 1105 1582 1156 Milphio?

245 1171 319 1207 M1.
353 1183 441 1208 mea
461 1170 655 1219 uoluptas,
679 1183 766 1208 mea
786 1169 939 1216 delicia,
963 1183 1050 1208 mea
1071 1169 1162 1217 uita,
1186 1183 1275 1208 mea
1293 1170 1524 1216 amoenitas,
1602 1175 1666 1220 365

245 1248 356 1273 meus
377 1236 537 1282 ocellus,
562 1248 694 1273 meum
716 1236 916 1283 labellum,
939 1249 1027 1274 mea
1048 1237 1163 1282 salus,
1187 1248 1320 1274 meum
1341 1235 1506 1283 sanium,

163 1308 225 1341 160
245 1315 378 1341 meum
424 1304 512 1350 mel,
558 1315 691 1341 meum
732 1316 810 1350 cor,
847 1315 935 1341 mea
989 1304 1173 1349 colustra,
1214 1304 1316 1341 meu’
1358 1302 1580 1341 molliculus

1388 1380 1580 1406 caseus—

245 1435 320 1471 ΑΟ.
354 1446 470 1472 mene
491 1446 564 1483 ego
584 1432 696 1471 illaec
713 1432 836 1484 patiar
852 1440 1057 1483 praesente
1074 1432 1151 1471 dici
1168 1433 1184 1470 Β
1213 1431 1428 1471 discrucior
1449 1432 1575 1480 miser,

243 1498 319 1536 nisi
340 1511 413 1548 ego
435 1498 545 1536 illum
566 1498 685 1537 iubeo
705 1498 904 1549 quadrigis
921 1498 1064 1536 cursim
1085 1499 1136 1536 ad
1157 1498 1395 1536 carnuficem
1417 1497 1509 1548 rapi.

245 1565 319 1602 M1.
352 1564 444 1610 noli,
467 1564 622 1611 amabo,
646 1577 874 1602 suscensere
896 1576 962 1602 ero
983 1577 1073 1602 meo
1093 1576 1231 1601 caussa
1251 1575 1349 1601 mea.
1597 1576 1667 1612 370

244 1642 317 1680 ego
338 1630 437 1676 faxo,
461 1629 492 1667 si
513 1643 593 1668 non
616 1629 756 1677 irata's,
777 1629 1052 1679 ninnium'pro
1071 1636 1110 1666 te
1130 1628 1240 1666 dabit

162 1700 222 1742 165
243 1708 290 1732 ac
311 1702 348 1733 te
369 1694 485 1733 faciet
506 1702 548 1732 ut
569 1694 644 1733 sies
665 1694 763 1732 ciuis
786 1694 918 1732 Attica
938 1702 1058 1744 atque
1078 1693 1210 1733 libera.

244 1759 340 1810 quin
360 1759 468 1798 adire
488 1759 603 1797 sini'?
651 1759 746 1809 quin
768 1759 838 1797 tibi
861 1759 928 1809 qui
950 1760 1052 1797 bene
1073 1759 1224 1805 uolunt,
1246 1759 1350 1797 bene
1370 1758 1430 1797 uis
1451 1757 1578 1797 item?

243 1825 274 1863 si
295 1833 386 1863 ante
407 1824 503 1875 quid
524 1824 738 1872 mentitust,
763 1824 949 1863 nunciam
972 1824 1117 1862 dehinc
1137 1823 1209 1862 erit
1229 1837 1346 1862 uerax
1367 1824 1448 1862 tibi.

243 1890 328 1929 sine
349 1897 387 1928 te
407 1902 576 1937 exorem,
600 1890 684 1929 sine
705 1890 948 1940 prehendam
970 1889 1169 1936 auriculis,
1190 1889 1274 1927 sine
1295 1890 1386 1927 dem
1408 1888 1573 1927 sanium.
1596 1902 1661 1938 375

287 2002 350 2032 355
384 1992 518 2032 peristis¹
550 1991 582 2021 A
725 1991 789 2030 356
823 1990 940 2021 alcedo
972 1993 1109 2020 testatur
1138 1989 1331 2020 Priscianus
1366 1999 1390 2022 1.
1426 1990 1490 2019 206
1523 1989 1573 2028 (ss.

244 2036 375 2073 Fronto,
392 2046 422 2075 p.
438 2045 500 2074 225
513 2035 573 2075 N.)
592 2047 598 2066 ε
617 2034 713 2074 alcyo
726 2034 814 2064 codd.
833 2045 878 2064 ιν.
896 2035 926 2074 ι)
1011 2035 1141 2064 seducit
1153 2033 1186 2064 P
1287 2043 1351 2072 357
1376 2032 1576 2063 exblandire

246 2079 343 2111 Goetz
369 2083 399 2109 et
423 2079 535 2110 Loewe
654 2079 752 2118 palpa
769 2078 893 2118 Afi”'‘·
918 2081 992 2107 recte
1157 2078 1221 2116 358
1246 2076 1382 2118 postea]
1409 2076 1523 2106 omnia
1540 2076 1573 2106 A

244 2125 305 2162 361
334 2124 406 2154 iura
423 2124 474 2154 uis
493 2128 524 2153 te
542 2122 573 2153 P
589 2122 661 2165 (pro
679 2122 737 2152 —tei
750 2121 776 2157 3)
868 2121 1065 2151 sedentiens
1085 2121 1205 2161 (Mens
1218 2122 1242 2151 ὓ.
1261 2119 1294 2150 Ρ
1307 2124 1344 2149 ut
1359 2119 1422 2150 vid.
1511 2121 1574 2158 362

245 2178 310 2207 ego
327 2178 392 2197 om.
411 2166 444 2196 P
573 2168 635 2205 364
661 2166 733 2205 agis
750 2164 783 2194 P
913 2166 977 2204 365
1003 2175 1076 2194 mea
1094 2164 1215 2195 delicia
1233 2167 1371 2194 testatur
1387 2161 1509 2193 Gellius
1524 2173 1572 2202 ¹9·

245 2212 276 2248 8,
299 2212 321 2241 6
346 2209 449 2250 (unde
473 2209 602 2240 Nonius
638 2210 736 2240 1005:
773 2218 868 2239 meae
896 2208 1039 2238 deliciae
1066 2207 1153 2238 codd.
1298 2209 1362 2246 366
1393 2206 1512 2236 oculus
1539 2207 1571 2235 Λ

247 2256 310 2294 368
334 2265 398 2293 ego
412 2254 625 2294 praesentte}
641 2253 748 2292 patiar
760 2252 855 2282 illaec
867 2252 898 2282 A
922 2252 945 2291 (ἓ
956 2258 1016 2291 pro
1029 2262 1078 2290 pr.
1093 2262 1145 2291 pa.
1159 2262 1188 2282 e.
1201 2251 1238 2284 i)
1329 2260 1389 2289 371
1417 2250 1525 2289 iratast
1539 2250 1570 2279 A

247 2308 310 2337 372
334 2298 447 2337 Atque
464 2297 555 2328 codd.
662 2306 725 2336 373
750 2296 830 2334 quin
855 2296 950 2326 adire
975 2297 1060 2325 sinis
1077 2294 1279 2335 Adelplmsio
1297 2294 1350 2333 (ul
1364 2292 1443 2323 vt'dst
1465 2292 1521 2322 dat
1537 2293 1570 2323 A

248 2344 323 2382 (pro
344 2352 374 2380 q.
401 2342 493 2372 abire
515 2351 540 2372 S.
554 2342 581 2381 ³)
712 2341 792 2379 quin
811 2339 895 2369 adiri
914 2338 965 2378 (T
983 2343 1018 2368 n!
1034 2338 1113 2374 vid.)
1131 2339 1180 2369 vel
1193 2339 1250 2377 qui
1269 2338 1302 2367 in
1319 2337 1413 2368 adire
1431 2335 1521 2376 (PBG
1538 2340 1574 2366 ut

246 2385 328 2416 mdl
353 2384 386 2415 P
514 2395 576 2424 374
601 2384 735 2424 quidem
761 2383 889 2413 entitus
914 2383 956 2413 sit
985 2382 1018 2412 P
1043 2385 1138 2422 (ipro
1163 2382 1245 2420 quid
1273 2381 1485 2411 ementitust*
1517 2380 1573 2409 vix

246 2439 332 2459 nunc
359 2429 421 2459 iam
448 2429 501 2468 (qu
528 2427 574 2458 ad
588 2427 688 2466 Epid.
715 2430 788 2466 135)
916 2435 990 2465 375,
1023 2429 1088 2465 376
1121 2427 1246 2455 inverso
1275 2423 1387 2454 ordine
1407 2423 1440 2454 P
1469 2423 1573 2463 &prius

247 2473 367 2504 omisso
384 2483 413 2503 v.
437 2482 500 2511 375
520 2475 653 2512 propter
665 2470 911 2502 homoeoarclm
940 2470 973 2500 ii.
993 2470 1028 2509 6)
1163 2478 1227 2508 375
1251 2469 1342 2498 auris
1358 2467 1391 2498 A
