1747 2740
750 136 926 174 PERSA
1436 137 1505 176 I'v'.
1526 135 1541 174 i

656 318 893 365 ACTVS
950 318 1022 364 IV

715 419 968 456 TOX1Lvs
1532 419 1641 459 1V.i

279 507 320 546 Si
340 520 461 557 quarn
482 520 564 545 rem
584 519 744 545 accures
766 506 896 545 sobrie
916 515 983 544 aut
1004 506 1215 556 frugaliter,

81 586 153 622 450
279 574 379 611 solet
399 572 464 611 illa
484 580 589 611 recte
610 573 683 610 sub
705 586 845 610 manus
867 574 1091 611 succedere.

278 645 398 688 atque
418 639 561 688 edepol
583 639 704 676 ferme
726 645 767 676 ut
789 637 958 688 quisque
979 652 1060 676 rem
1082 645 1241 677 accurat
1262 651 1386 686 suam,

278 703 333 742 sic
354 703 388 742 ei
410 703 589 754 procedit
609 703 897 754 postprincipio
917 703 1103 754 denique,

277 769 308 807 si
330 771 454 807 malus
475 777 542 808 aut
564 777 784 819 nequamst‚
810 771 912 808 male
933 783 993 808 res
1014 777 1175 808 uortunt
1197 783 1294 820 quas
1315 769 1405 820 agit,
1528 784 1546 815 5

277 834 336 872 sin
356 842 489 873 autem
511 834 656 885 frugist‚
680 836 871 873 eueniunt
892 835 1097 886 frugaliter.

78 912 145 949 455
277 901 379 939 hanc
401 914 473 950 ego
495 915 576 940 rem
598 914 758 939 exorsus
779 914 867 939 sum
888 902 1014 939 facete
1035 909 1073 939 et
1094 900 1246 948 callide,

275 966 390 1016 igitur
410 974 690 1017 prouenturam
712 967 815 1005 bene
836 968 998 1006 confido
1019 966 1126 1004 mihi.

274 1045 380 1070 nunc
401 1045 474 1081 ego
495 1033 679 1070 lenonem
702 1031 755 1069 ita
776 1031 896 1070 hodie
916 1031 1140 1070 intricatum
1162 1032 1279 1079 dabo,

272 1105 314 1136 ut
336 1097 442 1147 ipsus
464 1110 549 1136 sese
569 1110 646 1147 qua
667 1111 708 1135 se
730 1097 914 1147 expediat
934 1097 1093 1135 nesciat.
1525 1112 1564 1135 10

273 1162 494 1213 Sagaristio,
518 1163 626 1209 heus,
651 1163 710 1201 exi
731 1170 851 1213 atque
872 1165 999 1202 educe
1020 1163 1211 1213 uirginem

75 1236 146 1279 460
273 1236 312 1267 et
332 1228 423 1266 istas
444 1228 607 1267 tabellas
628 1242 726 1278 quas
747 1228 979 1279 consignaui
1000 1228 1081 1275 tibi,

272 1307 370 1345 quas
391 1301 432 1332 tu
453 1293 616 1332 attulisti
639 1294 692 1332 mi
713 1294 763 1333 ab
785 1308 852 1333 ero
873 1308 963 1333 meo
985 1308 1111 1345 usque
1132 1308 1154 1333 e
1176 1294 1318 1334 Persia.

472 1417 823 1455 SAGARISTIO
933 1418 1188 1455 TOX1Lvs
1519 1415 1549 1452 ii

269 1507 361 1545 SAG.
386 1505 594 1556 Numquid
617 1507 780 1543 moror?
837 1507 911 1544 To.
936 1507 1070 1556 eugae,
1094 1519 1217 1555 eugae
1239 1509 1245 1544 l
1276 1508 1498 1546 exornatu's

1311 1572 1470 1611 basilice
1489 1588 1499 1621 ;

267 1626 363 1664 tiara
383 1632 564 1663 ornatum
586 1624 718 1675 lepida
737 1627 978 1664 condecorat
999 1628 1169 1664 schema.

267 1699 350 1730 turn
373 1692 475 1729 hanc
496 1690 694 1741 hospitam
716 1699 849 1730 autem
872 1692 1075 1742 crepidula
1090 1700 1132 1730 ut
1149 1692 1335 1742 graphice
1355 1693 1470 1731 decet
1488 1695 1495 1730 1

69 1765 136 1810 465
266 1758 336 1795 sed
357 1756 457 1794 satin
479 1756 570 1795 estis
593 1756 801 1795 meditati?
858 1758 950 1795 SAG.
984 1757 1116 1807 tragici
1139 1766 1177 1795 et
1198 1757 1339 1796 comici

265 1835 483 1872 numquam
522 1834 648 1871 aeque
687 1830 777 1860 sunt
817 1822 1006 1861 meditati.
1081 1825 1155 1861 TO.
1192 1823 1323 1873 lepide
1362 1824 1531 1872 hercle5

1314 1888 1490 1928 adiuuas.

263 1957 348 1993 age,
369 1942 460 1981 illuc
480 1944 650 1993 apscede
672 1945 807 1993 procul
829 1957 850 1981 c
871 1950 1100 1993 conspectu,
1123 1951 1220 1981 tace.

264 2008 332 2047 ubi
353 2022 444 2046 cum
467 2010 610 2046 lenone
632 2022 694 2047 me
717 2008 872 2047 uidebis
894 2008 1083 2059 conloqui

263 2073 303 2113 id
324 2074 395 2112 erit
415 2074 589 2112 adcundi
610 2081 777 2124 tempus.
838 2088 943 2112 nunc
964 2074 1109 2125 ageritc
1131 2087 1213 2112 uos.

198 2189 258 2219 451
286 2179 390 2210 ferme
403 2178 568 2219 Scaltger:
594 2179 688 2209 firme
713 2178 778 2210 cod.
924 2189 989 2218 452
1012 2179 1063 2209 vel
1076 2183 1151 2209 ante
1167 2179 1313 2218 denique
1330 2179 1492 2220 distingue

155 2226 220 2262 456
243 2224 331 2253 bene
352 2233 399 2262 pr.
420 2223 532 2261 Bothe,
556 2224 609 2252 cm·
630 2225 752 2253 -turam
782 2222 921 2263 displicet
1009 2225 1073 2262 463
1097 2224 1179 2253 tiara
1206 2230 1360 2253 ornatum
1379 2224 1490 2262 lepide

155 2268 360 2297 condecorat
372 2271 465 2296 tuum
483 2265 548 2297 cod.
567 2278 573 2297 z
598 2267 766 2297 theatrum
785 2266 897 2306 lepida
915 2268 1120 2297 condecorat
1137 2267 1274 2297 schema
1292 2266 1378 2297 codd.
1398 2267 1489 2297 Pris-

155 2311 241 2340 ct'cmi
259 2321 286 2347 1,
305 2321 368 2341 200
385 2310 444 2350 qui
457 2313 594 2339 leslalm·
613 2310 748 2340 schema
761 2311 889 2350 primae
905 2310 979 2341 decl.
999 2314 1027 2340 et
1037 2322 1110 2351 gen.
1123 2311 1207 2349 sem.
1333 2312 1487 2342 tiaraturn

155 2353 283 2384 Sclzoell
380 2356 456 2392 467,
472 2354 535 2391 468
549 2353 599 2392 (cf
621 2364 693 2392 727,
707 2355 784 2394 728)
804 2355 872 2385 secl.
898 2354 1022 2394 Ussing
1109 2356 1170 2393 467
1197 2354 1310 2395 aspice
1328 2356 1487 2394 deprocul

157 2399 411 2438 inconspectum
435 2403 458 2428 t.
477 2397 540 2429 cod.
