1747 2740
645 130 884 170 STICHVS
1392 132 1437 168 V.
1461 131 1507 168 iv

105 245 186 284 ST1.
211 242 341 294 lepide
362 243 439 282 hoc
459 249 592 282 actum
614 249 684 282 est.
726 242 797 281 tibi
818 241 988 293 propino
1010 243 1253 281 cantharum.
1301 240 1440 280 uinum
1463 256 1502 287 30

1243 316 1283 345 tu
1305 307 1439 346 habes.

102 378 166 414 SA.
200 375 308 414 nimi’
336 377 478 414 uellem
505 375 655 426 aliquid
681 374 936 427 pulpamenti.
998 376 1079 414 ST1.
1110 374 1140 412 si
1172 375 1312 413 horum
1340 387 1442 424 quae
1483 382 1487 383 ⁷

1087 441 1233 479 adsunt
1254 439 1442 489 paenitet,

103 505 200 544 nihil
221 512 290 544 est.
351 513 442 545 tene
466 519 622 556 aquam.
684 507 748 545 SA.
780 505 920 545 melius
953 504 1052 545 dicis
1068 520 1078 554 3
1109 505 1162 543 nil
1194 517 1325 543 moror
1349 518 1441 555 cup-

1309 569 1438 620 pedia.

15 648 81 687 715
103 636 207 684 bibe,
230 636 389 676 tibicen.
448 650 520 687 age
542 636 673 688 siquid
694 636 777 687 agi’,
803 636 1023 676 bibendum
1046 637 1176 675 hercle
1199 637 1275 675 hoc
1296 644 1366 683 est,
1389 649 1440 674 ne

1328 715 1438 752 nega.

101 768 198 819 quid
212 767 276 807 hic
290 768 440 807 fastidis
457 769 566 819 quod
584 768 814 807 faciundum
832 768 944 807 uides
962 781 1047 807 esse
1068 767 1138 806 tibi
1153 769 1169 806 ?
1196 767 1292 818 quin
1307 767 1440 806 bibis?

101 847 172 884 age
199 833 231 872 si
258 834 355 884 quid
375 834 468 885 agis,
490 833 627 886 accipe
651 834 825 885 inquam.
886 847 968 873 non
989 835 1066 872 hoc
1087 833 1292 884 impendet
1314 832 1440 884 publi·
1458 845 1499 877 35

1315 912 1407 937 cum
1423 900 1440 937 ?

101 966 209 1004 haud
232 972 341 1004 tuom
364 964 465 1004 istuc
485 972 544 1004 est
565 972 604 1004 te
624 964 760 1004 uereri.
820 964 926 1015 eripe
947 978 994 1004 ex
1014 965 1081 1004 ore
1102 964 1228 1004 tibias.

101 1032 182 1070 ST1.
215 1030 283 1069 ubi
304 1030 382 1069 illie
403 1030 556 1078 biberit,
575 1031 639 1069 uel
660 1038 817 1069 seruato
839 1044 972 1069 meum
995 1031 1160 1069 modum
1182 1032 1246 1069 uel
1267 1037 1308 1068 tu
1330 1031 1435 1069 dato.

13 1107 83 1143 720
101 1097 195 1134 nolo
216 1108 289 1146 ego
310 1108 382 1134 nos
402 1099 642 1146 †prosumo†
662 1095 808 1134 bibere.
869 1095 965 1134 nulli
987 1095 1040 1134 rei
1062 1095 1206 1134 erimus
1228 1103 1366 1146 postea
1384 1110 1394 1143 ;

100 1174 273 1212 namque
294 1162 437 1211 edepol
458 1174 578 1212 quam
599 1160 659 1200 uis
680 1160 866 1200 desubito
887 1163 949 1200 uel
972 1163 1094 1200 cadus
1115 1161 1217 1200 uorti
1238 1168 1378 1211 potest.

100 1228 164 1266 SA.
181 1226 278 1278 quid
292 1226 429 1277 igitur?
453 1239 697 1278 quamquam
711 1234 895 1277 grauatus
909 1226 1026 1275 fuisti,
1043 1227 1124 1266 non
1138 1226 1275 1265 nocuit
1289 1233 1432 1265 tamen.
1455 1240 1499 1272 40

97 1306 181 1344 age,

0 1365 81 1407 723⁸
99 1360 257 1408 tibicen,
281 1359 445 1411 quando
466 1357 614 1406 bibisti,
634 1348 733 1397 refer
752 1359 804 1397 ad
825 1358 958 1397 labeas
979 1357 1105 1397 tibias.

99 1426 211 1464 suffia
231 1425 407 1465 celeriter
427 1423 498 1463 tibi
520 1424 665 1463 buccas
687 1424 798 1474 quasi
819 1437 1054 1474 proserpens
1076 1424 1212 1463 bestia.

11 1503 77 1541 725
97 1492 280 1541 agedum,
304 1490 448 1537 Stiche,
472 1496 558 1528 uter
579 1489 825 1537 demutassit,
849 1491 994 1540 poculo
1016 1490 1257 1529 multabitur.

98 1557 177 1595 ST1.
212 1557 363 1596 bonurn
390 1556 450 1594 ius
475 1555 584 1594 dicis.
645 1555 853 1607 impetrare
883 1563 1039 1606 oportet
1069 1555 1136 1606 qui
1166 1569 1337 1607 aequom
1367 1569 1434 1607 po-
1453 1574 1494 1606 45

1303 1623 1430 1661 stulat.

98 1689 162 1726 SA.
181 1700 254 1738 age
265 1701 357 1737 ergo
371 1700 549 1738 opserua.
600 1686 630 1725 si
649 1686 856 1737 peccassis‚
874 1688 1038 1725 multam
1053 1687 1117 1725 hic
1132 1687 1312 1726 retinebo
1329 1687 1430 1726 ilico.

97 1754 178 1792 ST1.
210 1760 420 1804 optumum
441 1760 560 1803 atque
581 1752 878 1803 aequissumum
901 1766 999 1791 oras.
1059 1766 1122 1791 cm
1155 1752 1225 1791 tibi
1258 1754 1335 1791 hoc
1362 1752 1434 1804 pri-

1108 1831 1217 1857 mum
1239 1818 1430 1857 omnium.

142 1934 206 1964 713
230 1923 455 1964 pulpulmenti
476 1922 542 1955 cod.
660 1933 721 1963 714
746 1928 824 1955 tene
841 1923 914 1954 Ital.
935 1935 942 1954 z
966 1922 1036 1953 teni
1054 1921 1119 1953 cod.
1233 1932 1294 1961 715
1320 1923 1431 1962 siquid

98 1978 163 1998 non
180 1968 318 2000 omnino
336 1968 436 2008 placet
550 1968 631 2008 sort.
655 1969 727 2006 agis
748 1967 867 1998 delend.
892 1967 946 2007 (cf.
973 1966 1075 1998 class.
1102 1966 1180 1997 Rev.
1204 1968 1234 2005 8,
1260 1967 1345 2007 1515,
1369 1968 1436 1997 nisi

97 2012 228 2052 quidem
256 2022 306 2043 vv.
337 2020 443 2050 714—5
471 2012 570 2043 troclt.
599 2016 739 2051 systema
767 2015 848 2042 sunt
981 2020 1043 2051 717
1068 2010 1133 2041 hoc
1163 2021 1229 2041 non
1259 2010 1431 2041 Actlrlalins

98 2058 160 2096 718
183 2055 259 2098 (ei)
279 2055 376 2086 tibias
399 2055 536 2086 Mueller
554 2055 685 2096 (Rhein.
711 2054 799 2087 Mus.
824 2065 878 2094 54,
901 2055 982 2095 539)
1139 2065 1202 2094 719
1227 2055 1304 2085 dato
1329 2054 1403 2084 Ital.
1423 2066 1430 2084 :

96 2101 184 2131 dabo
201 2099 267 2131 cod.
403 2109 466 2138 720
490 2109 627 2139 prosum
652 2100 715 2130 hoc
737 2099 874 2130 ebibere
899 2098 1035 2129 Mueller
1166 2108 1225 2138 721
1252 2099 1303 2128 uis
1329 2098 1403 2129 Ital.
1423 2110 1429 2129 ε

97 2145 129 2174 ui
155 2143 222 2175 cod.
376 2153 439 2182 722
468 2146 545 2183 post
573 2154 603 2175 v.
623 2144 686 2183 765
718 2144 838 2174 iterum
863 2147 998 2184 apparet
1023 2142 1058 2181 (i.
1073 2153 1095 2174 e.
1115 2147 1190 2183 post
1215 2142 1427 2173 intervallum

96 2199 138 2227 44
164 2187 350 2226 versuum).
375 2187 485 2218 scilicet
508 2187 611 2218 scriba
635 2187 839 2227 exemplans,
862 2198 938 2218 cnm
959 2186 1006 2217 ad
1014 2187 1122 2225 finem
1137 2186 1217 2226 solii
1235 2187 1429 2217 nesciocuius

96 2233 131 2262 in
156 2231 254 2262 codice
273 2231 327 2262 ΡΑ
347 2233 489 2268 venisset,
512 2231 700 2271 praecedens
713 2231 841 2271 folium
864 2236 967 2271 prave
992 2231 1155 2271 repetierat
1251 2230 1365 2269 agitur
1381 2230 1431 2260 vel

98 2276 197 2307 icitur
212 2274 278 2307 cod.
370 2285 439 2306 nun
457 2274 522 2306 cod.
543 2275 579 2315 (i.
595 2286 619 2306 e.
639 2285 718 2306 num
736 2274 785 2306 vel
800 2276 882 2314 non)
1020 2283 1082 2313 723
1107 2285 1169 2314 age
1187 2279 1278 2305 extra
1295 2284 1426 2304 versum

92 2321 200 2360 posui,
216 2329 297 2350 nam
316 2329 370 2349 nec
383 2319 522 2359 quando
539 2329 595 2350 nec
612 2319 725 2349 bibisti
740 2318 844 2360 placet
861 2319 913 2359 ‹ch
932 2317 979 2348 ad
993 2328 1020 2349 v.
1043 2319 1120 2357 715)
1237 2320 1314 2356 723²
1339 2317 1429 2348 refer

97 2363 186 2395 codd.
215 2362 320 2394 Nonii
344 2373 432 2394 210:
461 2363 567 2393 refers
592 2362 657 2393 cod.
795 2373 857 2401 724
890 2371 1090 2401 proserrens
1116 2361 1181 2392 cod.
1214 2362 1262 2397 (R
1290 2366 1352 2401 pro
1385 2361 1428 2403 P)

99 2417 162 2447 725
184 2407 321 2447 proculo
341 2407 522 2437 mutabitur
538 2406 604 2438 cod.
622 2418 627 2438 :
653 2417 732 2437 corr.
750 2405 835 2436 Pius
933 2406 993 2446 728
1018 2415 1070 2435 em
1090 2429 1097 2437 .
1114 2429 1121 2436 .
1143 2429 1149 2436 .
1170 2406 1319 2436 omnium
1338 2405 1428 2436 San-

92 2452 215 2492 garz'no
232 2450 315 2483 dant
331 2451 392 2482 alii
