1747 2740
165 148 229 186 1.i
636 147 682 183 T.
718 145 899 185 MACCI
934 144 1139 182 PLAVTI

163 271 202 305 55

175 703 205 739 ii

187 1059 204 1089 5

439 259 609 297 fidelem.
667 259 759 297 SAG.
791 258 866 295 ah!
897 256 991 296 odio
1012 270 1075 295 me
1096 255 1239 294 enicas.

222 325 296 361 To.
329 323 473 361 amoris
494 322 603 370 uitio,
627 336 705 361 non
730 336 831 369 meo,
856 335 962 360 nunc
981 320 1053 359 tibi
1076 322 1302 371 morologus
1323 322 1387 359 fio.

1577 257 1642 299 48⁸

221 390 316 428 SAG.
346 397 385 427 at
406 389 473 439 pol
495 401 567 438 ego
587 401 657 438 aps
679 395 716 426 te
737 387 1118 426 concessero—To.
1151 385 1281 424 iamne
1301 384 1417 424 abis?
1457 384 1558 423 bene
1579 396 1624 432 50

1341 449 1557 488 ambulato.

222 520 293 558 sed
307 519 435 569 recipe
445 517 517 572 [te]
533 533 651 570 quani
670 518 840 569 primum
857 525 1091 568 potes‚caue
1105 518 1190 555 fuas
1204 515 1305 554 miin
1315 513 1558 566 quaestione.

223 599 349 636 usque
370 599 437 624 ero
458 585 567 624 domi
588 586 684 624 dum
707 597 900 623 excoxero
921 583 1056 622 lenoni
1077 584 1222 621 malam
1243 595 1325 620 rem
1347 580 1531 631 aliquam.

765 696 1015 733 SATVRIO

225 780 407 817 Veterem
430 786 549 828 atque
570 776 776 827 antiquom
800 784 1009 826 quaestum
1032 775 1225 815 maiorum
1249 787 1383 814 meum

223 857 337 882 seruo
357 851 475 893 atque
496 842 659 893 optineo
679 849 717 880 et
740 855 881 891 magna
902 855 993 879 cum
1016 855 1108 879 cura
1129 842 1227 879 colo.

223 923 314 947 nam
336 923 554 959 numquam
577 908 787 959 quisquam
809 921 988 946 meorum
1012 906 1204 945 maiorum
1227 905 1299 944 fuit

224 974 319 1024 quin
340 973 592 1024 parasitando
613 973 793 1024 pauerint
814 971 962 1011 uentris
983 985 1099 1010 suos:

224 1046 344 1089 pater,
366 1053 474 1085 auos,
497 1052 679 1089 proauos,
701 1039 862 1085 abauos‚
886 1044 1036 1084 atauos,
1060 1036 1223 1075 tritauos

224 1103 335 1154 quasi
356 1117 486 1142 mures
507 1117 663 1153 semper
683 1104 800 1142 edere
820 1102 994 1141 alienum
1016 1101 1161 1148 cibum,

224 1183 354 1220 neque
375 1169 568 1208 edacitate
590 1183 657 1208 eos
679 1170 889 1220 quisquam
912 1176 1065 1219 poterat
1086 1167 1256 1214 uincere,

223 1249 354 1285 neque
375 1234 406 1273 is
427 1242 738 1285 cognomentum
761 1242 841 1273 erat
864 1233 970 1273 duris
993 1232 1268 1284 Capitonibus.

225 1301 332 1339 unde
353 1300 425 1350 ego
447 1302 553 1338 hunc
574 1299 782 1350 quaestum
804 1299 967 1350 optineo
988 1306 1026 1338 et
1049 1298 1242 1337 maiorum
1264 1299 1407 1338 locum.

168 1383 207 1405 110
226 1379 356 1416 neque
377 1365 656 1416 quadrupulari
678 1379 741 1404 me
763 1366 866 1411 uolo,
891 1378 1021 1415 neque
1043 1363 1149 1403 enirn
1171 1364 1285 1402 decet

168 1708 203 1739 Ι5

165 2034 204 2056 20

226 1431 309 1470 sine
331 1430 421 1470 me'o
442 1430 588 1481 periclo
609 1430 662 1469 ire
682 1430 811 1469 aliena
831 1437 1009 1480 ereptum
1028 1430 1134 1468 bona

224 1510 354 1546 neque
376 1495 430 1534 illi
450 1495 517 1545 qui
540 1495 687 1534 faciunt
709 1495 805 1533 mihi
828 1497 996 1545 placent.
1058 1496 1203 1545 planen
1224 1495 1394 1544 loquor?

224 1575 315 1600 nam
337 1560 518 1611 puplicae
539 1560 592 1600 rei
615 1574 753 1599 caussa
775 1560 1049 1610 quiquomque
1072 1560 1111 1598 id
1133 1558 1225 1597 facit

224 1626 337 1677 magi’
359 1640 478 1676 quam
499 1626 559 1665 sui
580 1626 744 1677 quaesti,
767 1626 923 1664 animus
946 1625 1081 1664 induci
1103 1633 1233 1676 potest

224 1705 315 1730 eum
337 1705 422 1730 esse
443 1691 571 1730 ciuem
593 1691 631 1729 et
653 1692 810 1730 fidelem
834 1691 872 1730 et
895 1691 1058 1729 bonum.

225 1758 254 1795 si
277 1760 501 1808 legerupam
523 1757 589 1808 qui
611 1759 785 1804 damnet,
810 1759 876 1796 det
898 1757 937 1795 in
960 1757 1165 1808 publicum

224 1823 435 1862 dimidium
453 1839 462 1872 3
492 1824 610 1874 atque
632 1823 749 1862 etiam
773 1823 811 1861 in
835 1837 881 1862 ea
902 1825 987 1874 lege
1007 1822 1244 1862 adscribier:

225 1888 292 1927 ubi
314 1889 623 1939 quadrupulator
643 1889 872 1939 quempiam
895 1888 1029 1927 iniexit
1051 1901 1224 1935 manum,

226 1954 417 1992 tantidem
438 1954 502 1992 ille
523 1954 576 1992 illi
598 1968 709 1992 rusus
732 1954 865 1993 iniciat
889 1968 1061 2000 manum,

224 2027 264 2056 ut
285 2032 412 2068 aequa
432 2019 529 2069 parti
552 2021 744 2070 prodeant
766 2021 816 2059 ad
839 2019 1012 2058 trisuiros
1030 2035 1036 2057 :

223 2084 254 2123 si
276 2084 315 2123 id
336 2085 413 2132 fiat,
436 2084 486 2123 ne
507 2084 568 2123 isti
591 2085 707 2123 faxim
731 2099 926 2135 nusquam
947 2091 1162 2135 appareant

266 2192 304 2221 51
330 2187 363 2212 te
375 2182 431 2213 del.
450 2182 553 2212 Bothe
569 2183 717 2223 rlae-vtlmn'
733 2193 831 2214 causa
852 2182 884 2221 gi.
905 2183 942 2221 95
1021 2184 1063 2212 60
1087 2188 1188 2221 atque
1203 2180 1358 2222 Lcofort.
1378 2185 1453 2212 recte
1471 2192 1477 2211 :
1496 2179 1553 2212 del.

223 2225 339 2256 Si.w·us
420 2227 470 2256 vel
480 2237 669 2265 cognomen
688 2233 757 2257 tum
776 2226 843 2257 cod.
938 2226 1095 2264 Duricap.
1113 2225 1232 2256 Sia-ius
1351 2226 1390 2256 61
1418 2224 1556 2264 optineo

224 2275 399 2308 quaestum
417 2270 544 2300 Schoell
648 2272 689 2300 62
723 2271 773 2301 vel
797 2270 1015 2309 quadruplari
1046 2270 1101 2306 sta
1125 2269 1212 2303 cod.)
1321 2269 1364 2299 66
1387 2268 1436 2298 vc!
1459 2279 1556 2306 mage

223 2315 263 2351 67
290 2324 462 2344 nec—nec
480 2313 617 2344 Mueller
647 2314 762 2345 thein.
780 2312 868 2344 blus.
887 2323 939 2351 54,
958 2315 1035 2352 527N
1149 2314 1192 2343 68
1218 2311 1310 2354 [sed]
1329 2313 1357 2343 si
1376 2313 1475 2352 (ἔρνη
1491 2313 1555 2342 scil

222 2356 288 2387 cod.
309 2369 315 2387 :
339 2358 399 2387 sed
414 2357 515 2388 delevi
531 2359 588 2399 (iv.
606 2360 641 2395 3‘1
659 2371 665 2389 z
684 2359 742 2389 sed
760 2371 773 2385 ÷=
793 2372 806 2385 ᾖ
826 2371 838 2385 11
864 2357 868 2396 Ι
891 2357 926 2387 Si
946 2360 1053 2395 (mrsu
1070 2357 1207 2386 αηιιζςεω
1224 2355 1308 2386 Brix
1393 2358 1437 2393 69
1453 2356 1553 2386 etiam

222 2400 329 2442 (hoc)
343 2402 374 2431 in
394 2400 520 2432 Sclmcll
608 2413 649 2440 70
665 2402 714 2433 vel
728 2401 970 2440 quadruplator
988 2401 1045 2430 'ita
1057 2400 1124 2431 cod.
1136 2408 1141 2426 1
1199 2399 1369 2439 quoipiam
1382 2399 1557 2429 Acidalsns

225 2446 343 2475 iniexit
366 2446 578 2476 (numm-ins
595 2458 600 2476 :
627 2446 728 2476 inlexi
746 2445 810 2476 cod.
922 2455 957 2482 71
989 2444 1049 2484 illi]
1070 2443 1160 2473 illum
1179 2443 1281 2473 Bothe
1386 2453 1426 2481 73
1451 2442 1553 2473 faxim

223 2500 386 2529 nusquam
406 2489 543 2529 Pylmlss
559 2502 565 2520 z
590 2490 734 2520 faximus
752 2499 848 2528 quam
867 2488 932 2519 cod.

1580 916 1621 953 55

1579 1893 1624 1930 70
