1747 2740
744 122 922 161 PERSA
1450 120 1498 157 V.
1519 116 1551 156 ii

168 238 267 277 foret
288 243 326 276 et
347 250 437 277 meo
457 235 664 287 praesidio,
683 234 748 274 hic
768 237 912 274 faceret
933 242 971 273 te
987 234 1232 285 prostibilem
1254 233 1497 285 propediem,

167 303 238 341 sed
259 302 311 341 ita
332 315 419 352 pars
440 301 711 341 libertinorum
733 308 816 339 est:
846 299 920 338 nisi
942 307 1109 350 patrono
1130 299 1196 349 qui
1217 301 1478 346 aduorsatust‚

167 381 241 406 nee
261 368 344 406 sati'
365 367 462 406 liber
482 367 556 406 sibi
578 366 734 405 uidetur
754 380 828 405 nec
849 366 932 404 sati’
954 365 1051 415 frugi
1073 379 1147 404 nec
1171 374 1229 403 sat
1250 367 1450 412 honestus,

79 437 148 480 840
167 434 208 471 m'
227 433 268 472 id
288 432 438 479 ecfecit,
461 433 502 471 ni
521 432 556 471 ei
578 434 679 471 male
700 432 806 479 dixit,
831 432 871 470 ni
891 439 1001 482 grato
1022 431 1194 481 ingratus
1216 439 1416 481 repertust.

166 499 236 536 LE.
269 500 335 549 pol
356 499 458 537 bene
478 499 580 537 facta
600 505 667 536 tua
688 512 751 536 me
768 499 973 536 hortantur
993 505 1062 535 tuo
1083 504 1125 535 ut
1146 496 1310 547 imperio
1326 510 1494 546 paream.
1517 499 1557 542 65

163 565 238 602 To.
270 576 344 614 ego
368 577 455 602 sum
483 562 554 601 tibi
581 570 770 614 patronus
797 564 914 613 plane
935 562 1001 613 qui
1030 561 1122 600 huic
1143 575 1213 613 pro
1234 569 1272 600 te
1292 569 1496 612 argentum

1389 627 1493 666 dedi.

218 709 236 730 *
257 694 442 748 graphice
476 695 583 733 hunc
614 696 708 733 uolo
738 694 939 733 ludificari.
1013 695 1082 732 LE.
1116 707 1205 732 meo
1235 707 1308 743 ego
1339 693 1376 730 in
1407 695 1497 731 loco

1175 760 1314 798 sedulo
1335 758 1493 798 curabo.

216 826 295 864 Do.
325 833 433 865 certo
462 825 516 864 illi
546 825 728 864 homines
759 825 854 863 mihi
885 825 1118 875 nescioquid
1149 824 1240 863 mali
1270 825 1494 871 consulunt,

808 892 918 941 quod
940 890 1096 929 faciant,
1155 892 1246 929 SAG.
1280 891 1377 928 heus
1398 892 1494 928 uos!

72 957 138 1002 845
213 958 288 995 To.
321 956 417 1007 quid
451 956 537 995 ais?
594 957 686 996 SAG.
720 956 826 995 hicin
863 957 1062 994 Dordalus
1097 963 1155 994 est
1194 957 1285 993 leno
1323 955 1390 1005 qui
1430 955 1494 994 hic

916 1021 1056 1060 liberas
1078 1020 1248 1071 uirgines
1269 1022 1494 1058 mercatur?

212 1086 380 1126 hicinest
410 1086 478 1137 qui
512 1087 584 1125 fuit
619 1087 823 1137 quondam
858 1086 996 1124 fortis?
1055 1088 1131 1123 Do.
1165 1099 1266 1135 quae
1301 1087 1398 1124 haec
1433 1099 1492 1123 res
1516 1098 1554 1131 70

931 1153 1019 1190 est?
1048 1151 1083 1189 ei
1101 1154 1107 1189 Ξ
1138 1152 1308 1201 colapho
1330 1164 1393 1189 me
1413 1151 1489 1189 icit.

213 1219 362 1257 malum
379 1218 494 1257 uobis
511 1219 629 1257 dabo.
678 1220 752 1256 To.
776 1225 815 1256 at
835 1217 906 1256 tibi
928 1231 1000 1255 nos
1022 1217 1206 1255 dedimus
1227 1216 1492 1266 dabimusque

783 1282 913 1321 etiam.
975 1284 1052 1321 Do.
1085 1283 1144 1321 ei!
1175 1282 1277 1320 natis
1298 1282 1487 1332 peruellit.

212 1350 282 1387 PA.
313 1348 427 1388 licet:
467 1348 544 1386 iam
570 1348 638 1387 diu
666 1361 784 1399 saepe
811 1355 901 1386 sunt
928 1355 1158 1398 expunctae.
1220 1349 1296 1385 Do.
1329 1349 1489 1397 loquere

948 1422 990 1451 tu
1011 1413 1140 1460 etiem,
1165 1414 1329 1451 frustum
1351 1414 1490 1463 pueri?

318 1481 388 1518 LE.
422 1487 587 1530 patrone
608 1479 673 1526 mi,
697 1479 707 1516 i
730 1478 842 1525 intro,
866 1479 1024 1527 amabo,
1053 1479 1104 1517 ad
1125 1492 1276 1517 cenam.

67 1549 136 1595 850
374 1547 450 1583 Do.
484 1559 571 1583 mea
593 1544 768 1594 Ignauia,
792 1552 834 1582 tu
856 1558 962 1582 nunc
984 1557 1047 1582 me
1068 1544 1243 1582 inrides?

154 1611 225 1649 LE.
258 1610 403 1661 quiane
424 1618 462 1648 te
483 1623 596 1656 υοεο,
621 1610 723 1648 bene
744 1616 785 1647 ut
806 1609 877 1647 tibi
899 1609 976 1647 sit?
1034 1611 1111 1647 Do.
1145 1610 1238 1647 nolo
1261 1609 1356 1647 mihi
1383 1610 1486 1648 bene
1507 1617 1546 1652 75

1094 1689 1191 1713 esse.
1252 1677 1322 1712 LE.
1355 1689 1404 1713 ne
1425 1675 1483 1713 sit.

152 1743 227 1780 To.
260 1742 356 1792 quid
386 1741 530 1792 igitur?
564 1741 731 1780 sescenti
761 1740 915 1779 nummi
945 1740 1041 1791 quid
1070 1749 1202 1790 agunt,
1225 1754 1323 1790 quas
1353 1741 1487 1779 turbas

1304 1807 1457 1845 danunt
1471 1809 1487 1845 ?

153 1873 231 1910 Do.
264 1873 366 1911 male
386 1871 545 1923 disperii
563 1875 569 1910 !
600 1871 728 1910 sciunt
749 1873 888 1910 referre
909 1872 1033 1922 probe
1054 1871 1216 1910 inimico
1235 1871 1409 1922 gratiam.

529 1939 621 1977 SAG.
655 1937 737 1975 sati'
759 1937 990 1987 sumpsimu'
1012 1937 1179 1988 supplici
1201 1937 1289 1976 iam.

62 2009 128 2055 855
531 2004 607 2041 Do.
640 2003 772 2049 fateor,
797 2016 936 2040 manus
958 2004 1011 2041 do
1032 2003 1158 2041 uobis.

192 2109 255 2147 837
280 2107 478 2146 cropediem
503 2105 568 2138 cod.
722 2107 787 2145 840
811 2105 860 2145 id]
889 2107 919 2136 ei
943 2106 1046 2136 Bolbe
1180 2108 1244 2146 843
1271 2121 1286 2134 -x
1306 2108 1484 2150 graphice]

148 2152 224 2182 hice
236 2155 314 2192 post
329 2151 474 2191 spatium
491 2149 587 2181 PBC:
614 2151 838 2190 pergraphice
855 2149 1016 2190 Spengel:
1043 2160 1129 2180 nunc
1148 2150 1212 2191 (vel
1226 2152 1305 2191 age)
1320 2152 1484 2191 graphice

147 2195 288 2226 Mueller
438 2195 501 2232 844
526 2194 616 2233 quod
647 2193 754 2225 Ald.:
788 2195 869 2233 quid
895 2194 962 2224 cod.
1078 2195 1163 2225 heus
1188 2195 1266 2226 Ald.
1292 2207 1298 2226 :
1323 2197 1388 2226 heu
1412 2196 1479 2227 cod.

148 2240 211 2279 845
236 2239 308 2278 agis
325 2237 391 2269 cod.
414 2239 505 2274 (corr.
526 2237 617 2277 PCD)
722 2237 811 2268 hicin
830 2237 977 2268 Schoell:
1002 2237 1057 2268 hic
1089 2239 1116 2268 si
1146 2249 1187 2268 ne
1211 2238 1276 2270 cod.
1419 2241 1484 2279 846

149 2283 212 2315 col.
234 2293 286 2314 me
304 2280 514 2312 Lambinus:
537 2281 714 2320 colaphum
731 2281 797 2312 cod.
918 2282 980 2320 847
1007 2282 1163 2321 percellit
1183 2283 1304 2323 Ussing
1418 2286 1482 2323 848

149 2328 225 2358 dius
241 2325 306 2357 cod.
387 2331 466 2356 sunt
482 2335 584 2364 saepe
601 2324 737 2363 Ritsclzl,
756 2326 809 2356 cui
822 2335 925 2365 saepe
941 2330 1019 2356 sunt
1038 2327 1103 2364 :uvel
1116 2329 1209 2366 saep*
1229 2328 1325 2360 sunt)
1342 2327 1484 2368 displicet

149 2371 214 2410 852
238 2370 319 2411 To.]
338 2370 387 2400 vel
403 2370 484 2400 SAG.
555 2374 656 2399 acunt
674 2368 740 2401 cod.
848 2370 910 2408 854
937 2369 1037 2409 SAR]
1057 2371 1104 2400 vel
1119 2370 1180 2401 To.
1254 2372 1316 2400 iam
1335 2372 1479 2411 supplici

150 2414 261 2452 Bothe,
283 2417 320 2444 ut
333 2415 456 2455 integer
469 2413 677 2453 dimeterfiat
806 2414 869 2453 855
894 2424 925 2444 u.
945 2414 975 2444 d.
994 2414 1062 2445 cod.
1082 2419 1206 2445 ¹contra
1225 2418 1387 2455 metrum)
