1747 2740
58 662 124 700 275
145 649 214 700 qui
227 663 333 689 nunc
347 650 402 689 sic
410 658 543 689 tamen
557 663 598 689 es
614 651 813 689 molestus.
847 650 939 688 SAG.
959 650 1158 695 scelerate,
1168 647 1286 686 etiam
1301 647 1484 698 respicis?

56 1804 122 1850 285

727 141 905 180 PERSA
1426 141 1479 178 II.

433 253 735 299 4ΡΑΕςΝΙνΜ
848 252 1196 289 SAoAklsTlo

312 325 380 362 ΡΑ.
414 325 587 362 Pensum
622 336 755 361 meum
791 323 900 372 quod
940 323 1115 360 datumst
1153 322 1318 360 confeci.
1378 335 1485 360 nunc

489 389 655 427 domum
677 401 856 438 propero.
916 388 1008 425 SAG.
1042 400 1169 433 mane,
1193 386 1264 425 etsi
1286 400 1481 437 properas.

147 452 378 505 Paegnium,
391 454 579 492 ausculta.
622 454 691 491 ΡΑ.
722 466 853 491 emere
873 459 1039 502 oportet,
1063 465 1182 502 quern
1204 451 1273 490 tibi
1296 451 1484 490 oboedire

1095 516 1203 555 uelis.
1263 518 1355 555 SAG.
1387 524 1481 555 asta.

146 585 215 622 ΡΑ.
248 583 433 623 exhibeas
455 583 687 631 molestiam,
716 583 721 634 Ι
748 590 790 622 ut
806 582 957 634 opinor,
982 582 1013 621 si
1035 581 1132 632 quid
1152 583 1333 629 debeam,

1502 141 1549 178 iv

1503 250 1550 286 iv

147 717 216 755 PA.
249 715 331 755 scio
359 729 432 766 ego
460 714 557 766 quid
585 714 657 754 sim
685 714 835 762 aetatis,
859 728 907 753 eo
935 713 1035 752 istuc
1057 712 1313 752 maledictum
1335 712 1483 763 inpune
1504 726 1520 756 5

1318 779 1480 818 auferes.

362 847 455 885 SAG.
488 845 556 884 ubi
576 845 739 885 Toxilus
760 852 818 885 est
839 853 928 884 tuos
949 846 1067 884 erus?

527 914 596 949 ΡΑ.
629 911 697 950 ubi
718 911 771 949 illi
793 911 913 958 lubet,
937 924 1010 949 nec

527 984 565 1015 te
585 976 765 1015 consulit.
825 978 917 1014 SAG.
950 975 1069 1014 etiarn

360 1041 458 1082 dicis
479 1041 547 1080 ubi
568 1042 627 1089 sit,
650 1042 857 1080 uenefice?

414 1109 483 1145 ΡΑ.
516 1107 662 1155 nescio,
685 1107 859 1157 inquam,
883 1106 1082 1145 ulmitriba
1102 1113 1158 1144 tu.

197 1213 289 1251 SAG.
322 1213 424 1251 male
444 1211 542 1251 dicis
564 1210 711 1250 maiori.
772 1213 842 1249 ΡΑ.
874 1210 978 1261 prior
997 1210 1232 1261 promeritus
1252 1209 1478 1260 perpetiare.

196 1290 350 1315 seruam
373 1290 544 1327 operam,
569 1276 743 1327 linguam
764 1276 929 1315 liberam
951 1278 1029 1314 eru'
1051 1275 1162 1314 iussit
1183 1277 1275 1314 med
1295 1276 1451 1314 habere.

196 1343 289 1381 SAG.
321 1341 474 1381 dicisne
504 1342 558 1380 mi
587 1341 656 1381 ubi
687 1341 735 1380 sit
765 1341 959 1380 Toxilus?
1017 1343 1086 1379 ΡΑ.
1119 1340 1210 1380 dico
1231 1348 1273 1379 ut
1289 1348 1480 1391 perpetuo

1331 1419 1477 1455 pereas.

196 1473 288 1511 SAG.
321 1473 486 1512 caedere
506 1471 626 1511 hodie
647 1479 689 1511 tu
710 1472 890 1511 restibus.
952 1473 1021 1510 ΡΑ.
1055 1478 1122 1510 tua
1138 1471 1310 1522 quidem,
1328 1472 1477 1517 cucule,

1315 1550 1453 1575 caussa
1472 1539 1479 1575 l

196 1617 277 1643 non
298 1605 440 1652 hercle,
463 1604 495 1643 si
516 1618 560 1643 os
580 1603 814 1655 perciderim
838 1603 919 1651 tibi,
944 1610 1130 1650 metuam,
1154 1601 1370 1642 morticine.

197 1672 290 1709 SAG.
314 1670 433 1709 uideo
449 1684 522 1721 ego
538 1678 576 1709 te
596 1685 602 1708 :
633 1670 711 1708 iam
728 1669 969 1708 incubitatus
986 1682 1037 1708 es.
1081 1671 1149 1706 ΡΑ.
1174 1668 1227 1706 ita
1243 1681 1341 1706 sum.
1383 1667 1479 1718 quid

1122 1733 1162 1772 id
1182 1733 1322 1772 attinet
1341 1735 1392 1772 ad
1415 1735 1482 1772 te?

197 1808 237 1840 at
257 1815 338 1841 non
360 1815 459 1850 sum,
482 1801 535 1840 ita
555 1809 597 1840 ut
617 1809 670 1849 tu,
687 1800 830 1852 gratiis.
891 1802 984 1840 SAG.
1017 1800 1235 1838 confidens.
1296 1801 1364 1836 ΡΑ.
1395 1812 1481 1837 sum

1220 1866 1352 1903 hercle
1373 1878 1478 1903 uero.

197 1946 288 1971 narn
311 1947 384 1983 ego
406 1946 469 1971 me
491 1933 651 1972 confido
672 1932 838 1972 liberum
861 1933 953 1978 fore,
973 1939 1014 1970 tu
1036 1939 1074 1970 te
1096 1943 1314 1980 numquam
1336 1943 1477 1980 speras.

197 2000 290 2038 SAG.
314 1998 424 2049 potin
442 2005 483 2036 ut
504 1999 693 2037 molestus
709 2012 759 2036 ne
775 1997 880 2036 sies?
919 1999 987 2034 ΡΑ.
1012 1997 1121 2046 quod
1142 1995 1239 2035 dicis
1257 1996 1383 2034 facere
1400 2009 1480 2033 non

1379 2059 1476 2110 quis.

188 2179 251 2208 272
275 2169 325 2200 vel
338 2169 434 2199 troclt.
495 2168 525 2199 d.
539 2168 587 2209 p.]
607 2179 668 2208 pro
686 2169 820 2199 domum
839 2177 916 2199 cero
933 2170 970 2197 ul
979 2165 1041 2198 vid.
1055 2166 1088 2197 P
1106 2166 1181 2206 (pro
1193 2132 1370 2205 gigiprizlro?
1394 2175 1425 2196 v.
1439 2167 1476 2204 3)

143 2223 206 2252 273
230 2217 320 2244 astas
337 2213 370 2242 A
507 2223 569 2251 274
584 2213 664 2252 fort.
681 2222 723 2243 m.
740 2211 828 2253 (mi)
917 2211 1028 2242 veluti
1118 2210 1167 2240 vel
1177 2211 1282 2249 opino
1415 2219 1477 2248 275

144 2261 211 2287 tam
230 2256 262 2287 P
348 2256 412 2295 278
437 2256 542 2287 edicis
559 2255 592 2286 P
663 2256 701 2286 de
718 2256 772 2286 ubi
790 2256 827 2295 cs.
845 2254 891 2285 ad
906 2255 1020 2285 Bacch.
1047 2254 1128 2284 1068
1218 2254 1298 2284 280³
1323 2252 1475 2294 liberam]

145 2310 282 2340 operam
306 2300 338 2329 A
368 2306 413 2338 (v.
429 2302 464 2338 4>
565 2310 618 2329 me
647 2300 742 2330 iussit
766 2299 841 2330 ΡΠ)
974 2298 1033 2328 281
1062 2298 1110 2327 vel
1132 2297 1222 2327 dicin
1323 2297 1372 2326 vel
1394 2296 1477 2326 mihi

144 2345 208 2383 283
234 2345 430 2382 morticcine
448 2342 480 2373 A
615 2344 677 2382 284
702 2342 754 2382 es]
777 2352 850 2373 sum
868 2342 900 2372 A
924 2343 973 2381 (cs.
992 2343 1070 2380 285ι
1170 2351 1211 2370 an
1235 2345 1268 2370 te
1292 2341 1412 2370 attinet
1429 2340 1475 2379 A,

146 2387 232 2418 unde
247 2389 287 2418 ad
309 2393 342 2419 te
362 2388 498 2427 attingit
515 2386 674 2418 Mueller:
697 2388 816 2418 attinet
834 2393 866 2417 te
886 2385 959 2427 (del.
979 2386 1036 2425 ad)
1054 2384 1167 2423 Bothe,
1187 2394 1269 2414 nam
1292 2384 1413 2414 attinet
1436 2385 1478 2414 ad

145 2431 286 2472 displicet
354 2433 416 2471 285
441 2442 514 2462 sum
526 2436 576 2471 pr.
591 2442 657 2461 om.
673 2431 704 2460 A
724 2431 774 2472 (cf
790 2431 870 2470 284)
916 2430 967 2471 ut]
982 2431 1014 2459 ui
1032 2428 1065 2459 P
1079 2429 1109 2469 <1
1123 2433 1186 2468 pro
1196 2428 1240 2468 T)
1313 2429 1377 2458 286
1395 2428 1479 2458 soret

149 2475 235 2516 (sore
250 2476 340 2517 PCD)
360 2481 395 2506 ut
411 2485 614 2515 enumquam
627 2474 705 2505 pac

1505 1121 1543 1143 10

1502 1617 1539 1649 15
