1747 2740
159 152 237 192 III.
260 153 289 190 ii
672 154 717 191 T.
753 154 934 192 MACCI
968 146 1172 192 PLAVTI'

588 278 606 299 *
720 276 738 296 *
853 277 871 298 »κ
985 276 1135 302 morem
1156 278 1278 314 geras.

585 328 665 366 uita
685 342 806 378 quam
827 328 876 366 sit
898 327 1028 367 breuis
1049 328 1165 367 simul
1185 329 1326 380 cogita.
1618 343 1683 381 725

259 395 337 432 TR.
369 394 496 444 quid?
525 395 652 439 ehem,

260 460 326 498 uix
346 462 508 499 tandem
529 460 687 511 percepi
709 474 827 511 super
846 461 907 499 his
928 461 1045 500 rebus
1067 461 1210 500 nostris
1231 469 1268 501 te
1289 461 1410 513 loqui.

197 542 242 572 40
476 528 530 565 Sl.
564 526 714 565 musice
762 527 893 565 hercle
940 526 1054 577 agitis
1101 534 1282 574 aetatem,
1333 527 1386 566 ita
1434 535 1477 566 ut
1525 541 1597 566 uos

1466 594 1592 640 decet,

474 657 570 696 uino
591 665 628 696 et
649 657 768 704 uictu,
792 657 944 708 piscatu
966 657 1104 708 probo,
1127 657 1270 697 electili
1613 671 1747 707 729-30

528 722 650 760 uitam
672 723 810 761 colitis.
871 725 947 761 TR.
981 723 1104 762 immo
1125 723 1206 761 uita
1226 725 1394 764 antehac
1415 733 1520 764 erat:

475 801 583 826 nunc
604 787 719 826 nobis
740 785 1006 840 eom[mun]ia
1027 789 1125 827 haec
1146 788 1386 836 exciderunt,
1408 787 1568 841 (Simo.)

528 855 582 892 S1.
605 852 802 903 quidum?
849 854 926 891 TR.
957 852 1011 891 ita
1030 853 1182 903 oppido
1202 853 1423 892 occidimus
1442 854 1594 902 omnes,

1471 919 1591 958 Simo.

195 999 237 1031 45
474 987 530 1023 S1.
553 999 633 1023 non
650 987 780 1023 taces?
808 998 995 1035 prospere
1015 984 1131 1023 uobis
1151 992 1296 1023 cuncta
1315 998 1441 1035 usque
1460 986 1594 1024 adhuc

473 1058 758 1101 processerunt.
818 1052 894 1088 TR.
928 1050 981 1088 ita
1001 1057 1044 1088 ut
1065 1049 1163 1088 dicis
1184 1051 1286 1088 faeta
1307 1051 1385 1088 hau
1405 1063 1518 1101 nego.
1613 1063 1678 1100 735

471 1130 544 1154 nos
566 1117 742 1165 profecto
764 1116 888 1165 probe
909 1123 952 1154 ut
972 1115 1173 1154 noluimus
1194 1115 1376 1154 uiximus.

255 1183 335 1228 sed,
369 1181 491 1229 Simo,
520 1180 573 1218 ita
603 1194 709 1218 nune
740 1188 882 1218 uentus
911 1193 1056 1219 nauem
1076 1178 1288 1232 (nostram)
1306 1181 1591 1221 deseruit—SI.

1389 1247 1486 1297 quid
1507 1249 1594 1286 est?

524 1325 605 1361 quo
626 1313 781 1350 modo?
819 1314 896 1350 TR.
926 1325 1124 1362 pessumo.
1167 1313 1220 1350 S1.
1244 1325 1375 1362 quaen
1396 1313 1593 1351 subducta

1511 1386 1593 1417 erat

194 1459 235 1490 50
525 1451 611 1482 tuto
632 1443 672 1481 in
693 1445 823 1481 terra?
863 1444 938 1480 TR.
972 1442 1032 1481 ei!
1074 1444 1128 1481 Si.
1161 1443 1259 1492 quid
1279 1444 1368 1481 est?
1420 1445 1496 1481 TR.
1530 1457 1593 1482 me

1215 1507 1414 1556 miserum,
1437 1509 1566 1548 occidi
1585 1513 1592 1548 Σ

253 1577 309 1615 S1.
339 1574 438 1626 qui?
494 1576 570 1612 TR.
603 1574 696 1624 quia
726 1574 834 1612 uenit
864 1573 978 1623 nauis
1006 1581 1166 1612 nostrae
1191 1573 1282 1611 naui
1311 1587 1413 1624 quae
1440 1575 1590 1625 frangat
1610 1587 1680 1622 740

1452 1648 1587 1679 ratem.

359 1707 414 1746 SI.
451 1704 573 1745 uelim
603 1713 645 1743 ut
677 1713 717 1743 tu
747 1705 881 1751 uelles,
905 1704 1063 1744 Tranio.
1135 1706 1205 1744 sed
1233 1705 1329 1756 quid
1350 1713 1408 1745 est
1429 1707 1592 1757 negoti?

1305 1772 1381 1809 TR.
1415 1771 1587 1823 eloquar.

358 1837 437 1875 eru'
459 1849 619 1886 peregre
642 1834 760 1873 uenit.
822 1836 874 1873 S1.
909 1842 1003 1873 tune
1063 1848 1081 1869 *
1142 1848 1161 1868 *
1221 1835 1479 1886 portenditur,

358 1901 438 1940 ind’
466 1899 709 1948 ferriterium‚
737 1908 875 1950 postea
893 1900 1015 1953 (crux.
1074 1901 1153 1939 TR.
1185 1914 1254 1952 per
1283 1909 1350 1940 tua
1379 1909 1417 1941 te
1445 1901 1591 1954 g>enua

1409 1980 1586 2018 opsecro,

294 2073 423 2112 724—58
447 2071 528 2102 deest
545 2070 577 2100 A
698 2080 759 2110 725
785 2071 842 2101 vix
856 2076 989 2110 quamst
1008 2071 1059 2109 (ut
1076 2072 1221 2102 trimeter
1225 2071 1308 2112 fiat)
1398 2071 1492 2103 breui
1511 2072 1586 2103 ΡΟ)

250 2126 310 2155 727
351 2116 502 2155 percipio
534 2114 599 2146 cod.
637 2114 726 2145 Festi
752 2124 816 2153 305
972 2125 1036 2154 730
1072 2115 1188 2154 probo.
1225 2116 1356 2155 piscatu
1391 2115 1587 2147 Gulielmius

250 2170 307 2198 73¹
335 2158 441 2200 (uos)
459 2159 568 2189 colitis
586 2158 734 2199 Spengel,
757 2156 903 2200 (quom)
920 2168 947 2188 c.
969 2158 1119 2197 Redslob,
1141 2162 1179 2188 ut
1192 2159 1314 2200 integer
1328 2163 1509 2190 tetrameter
1519 2161 1587 2200 fiat

249 2204 296 2233 uit
322 2204 373 2239 (ut
392 2202 456 2242 Βῗ)
475 2208 541 2234 ant.
561 2202 627 2234 cod.
649 2215 655 2233 :
680 2203 724 2232 ita
742 2207 809 2232 ant.
829 2200 965 2241 quff'rt
1124 2211 1186 2241 732
1211 2202 1317 2233 comia
1333 2203 1446 2244 smflsr'
1461 2207 1509 2242 (v.
1526 2205 1583 2236 8³:

247 2247 358 2277 omnia
386 2247 598 2277 Came-rarius
688 2246 782 2277 Simo
798 2244 913 2275 addidi
927 2245 988 2283 (iii.
1006 2246 1041 2277 εδ
1208 2256 1269 2285 733
1292 2247 1348 2277 vix
1361 2247 1499 2286 quidum
1517 2248 1585 2279 itzi?

247 2290 324 2329 TR.,
345 2295 381 2320 nt
396 2292 519 2331 intcger
532 2291 738 2330 tet1·‹1m.fiat
839 2299 900 2327 737
927 2293 1071 2318 nostram
1091 2288 1166 2321 add.
1187 2289 1403 2320 Camerarius
1522 2293 1584 2331 738

245 2344 378 2373 quaene
395 2334 553 2373 vaadce:
580 2344 667 2373 quae
686 2343 747 2363 nec
764 2331 830 2364 cod.
933 2342 995 2370 740
1020 2332 1142 2373 ratem]
1162 2333 1274 2363 trabes
1290 2332 1419 2364 Lotrnz
1519 2345 1579 2374 741

246 2378 366 2408 uellem
385 2378 557 2408 Muretus:
582 2377 683 2407 uelim
706 2375 771 2407 cod.
879 2376 1031 2406 trannios
1049 2382 1100 2406 est
1120 2387 1200 2407 Ἰοηι.
1220 2377 1262 2407 ed
1283 2377 1377 2416 quid*
1397 2377 1462 2410 cod.
1485 2379 1579 2419 (corn

245 2421 305 2455 32}
400 2422 547 2460 negotist
567 2421 649 2451 Bria:
758 2429 864 2459 741-3
884 2419 1003 2449 lacuna
1021 2420 1054 2449 in
1071 2420 1125 2450 ΡΑ
1145 2420 1195 2459 [cf.
1212 2431 1264 2451 mr.
1284 2422 1405 2460 763—5N
1519 2433 1582 2462 742

246 2466 460 2507 portenditur
475 2465 597 2506 Ussing
612 2476 617 2495 :
642 2474 700 2495 cor
718 2464 868 2494 tenditur
884 2462 950 2494 cod.
1085 2473 1146 2502 743
1170 2464 1328 2505 supple-ott
1342 2464 1467 2508 Ussing
