1747 2740
126 87 203 125 ΙΙΙ.

163 1127 200 1161 75

159 1581 202 1612 80

227 87 255 124 ii
653 88 699 125 T.
733 87 914 126 MACCI
947 85 1151 124 PLAVTI

333 212 420 237 mea
441 212 519 249 quo
541 199 762 238 conductus
782 197 912 236 uenio.
973 199 1045 235 ΒΑ.
1076 198 1127 235 ad
1149 197 1357 235 furandum
1381 195 1554 247 quidem.
1576 205 1645 249 850

332 266 404 304 Co.
437 279 485 303 an
508 272 548 302 tu
571 263 746 302 inuenire
767 265 942 314 postulas
963 276 1205 313 quemquam
1227 276 1399 312 coquom

332 329 406 367 nisi
428 329 600 367 miluinis
621 336 687 367 aut
707 327 892 378 aquilinis
913 327 1098 377 ungulis?

335 396 405 432 BA.
437 408 488 432 an
509 402 549 432 tu
571 393 827 444 coquinatum
849 401 887 431 te
909 393 962 431 ire
983 406 1185 443 quoquam
1208 393 1382 442 postulas

335 459 430 509 quin
452 459 505 498 ibi
526 458 746 497 constrictis
767 458 923 508 ungulis
944 471 1083 496 cenam
1105 459 1284 507 coquas?

334 538 439 563 nunc
459 526 561 563 adeo
581 532 634 572 tu,
657 523 724 573 qui
746 537 856 561 meus
878 536 930 570 eS‚
954 522 1030 561 iam
1053 522 1167 561 edico
1188 522 1258 560 tibi
1577 530 1642 574 855

331 598 373 628 ut
393 597 525 628 nostra
545 602 730 639 properes
750 588 903 627 amoliri
925 602 943 622 *
966 588 1110 635 omnia,

330 662 415 693 tum
436 662 478 693 ut
499 654 615 693 huius
636 655 772 692 oculos
793 653 833 691 in
854 653 978 691 oculis
1000 653 1147 691 habeas
1168 652 1267 691 tuis:

330 733 494 770 quoquo
514 720 578 758 hic
599 719 804 770 spectabit,
828 733 875 757 eo
897 727 938 757 tu
960 726 1138 769 spectato
1159 718 1274 756 simul
1292 733 1301 765 3

331 785 362 823 si
382 799 463 835 quo
483 785 546 823 hic
566 784 773 836 gradietur,
797 784 938 835 pariter
958 783 1252 834 progredimino
1267 799 1277 830 ς

330 864 492 889 manum
513 851 544 888 si
565 851 762 900 protollet‚
783 850 926 900 pariter
945 850 1118 899 proferto
1140 862 1300 887 manum
1319 865 1326 887 :
1577 856 1646 890 860

329 929 443 954 suom
464 917 496 954 si
516 915 612 966 quid
634 923 772 963 sumet,
798 915 837 954 id
859 923 900 953 tu
922 915 1040 953 sinito
1061 928 1240 961 sumere3

330 982 360 1019 si
381 989 558 1020 nostrum
581 990 720 1029 sumet,
743 989 784 1019 tu
806 988 940 1019 teneto
960 980 1201 1019 altrinsecus,

331 1047 362 1085 si
384 1047 456 1085 iste
476 1047 558 1094 ibit,
582 1047 647 1094 ito,
671 1046 800 1094 stabit,
822 1054 950 1084 astato
971 1045 1086 1084 simul
1102 1060 1112 1093 3

332 1112 363 1150 si
384 1112 658 1163 conquiniscet
678 1112 775 1159 istic,
799 1111 1103 1161 conquiniscito.

331 1178 425 1216 item
446 1177 505 1215 his
526 1177 729 1228 discipulis
750 1177 883 1227 priuos
904 1178 1090 1215 custodes
1111 1176 1227 1215 dabo.
1576 1180 1642 1224 865

331 1244 404 1283 CO.
440 1243 543 1281 habe
577 1244 699 1281 modo
734 1243 885 1281 bonum
924 1242 1113 1280 animum.
1193 1243 1264 1279 BA.
1301 1253 1451 1292 quaeso
1487 1241 1554 1291 qui

1271 1319 1433 1356 possum
1453 1306 1555 1344 doce

328 1375 480 1413 bonum
507 1373 683 1412 animum
715 1373 861 1411 habere
896 1372 960 1422 qui
995 1380 1033 1411 te
1067 1373 1117 1410 ad
1154 1385 1217 1410 me
1251 1372 1448 1409 adducam
1483 1371 1554 1408 do-

1418 1448 1527 1473 mum
1540 1435 1557 1473 ?

330 1506 402 1545 Co.
436 1505 527 1555 quia
548 1504 764 1543 sorbitione
784 1503 925 1542 faciam
947 1516 1021 1553 ego
1041 1502 1162 1541 hodie
1183 1510 1220 1540 te
1241 1514 1339 1547 mea,

330 1571 424 1610 item
445 1579 487 1609 ut
510 1571 656 1609 Medea
678 1569 824 1608 Peliam
847 1568 1031 1607 concoxit
1052 1581 1198 1613 senem,

328 1650 447 1686 quem
470 1636 763 1674 medicamento
784 1642 821 1673 et
843 1634 922 1672 suis
943 1633 1108 1672 uenenis
1129 1632 1272 1670 dicitur
1576 1634 1645 1675 870

328 1701 466 1740 fecisse
487 1714 598 1739 rusus
619 1715 666 1739 ex
687 1714 780 1739 senc
800 1700 1156 1744 adulescentulum,

329 1767 423 1805 item
445 1779 517 1816 ego
538 1774 575 1804 te
597 1765 747 1803 faciam.
810 1766 880 1802 BA.
914 1765 1001 1810 eho,
1025 1777 1075 1801 an
1097 1762 1214 1801 etiam
1237 1762 1479 1800 ueneficu's?

329 1833 402 1872 Co.
434 1831 557 1869 immo
577 1832 720 1880 edepol
741 1843 835 1868 uero
856 1828 1064 1867 hominum
1086 1835 1261 1866 seruator
1288 1826 1420 1876 magis.
1481 1827 1550 1864 BA.

1413 1892 1552 1930 ehem!

264 1998 329 2035 850
351 1996 430 2026 ueni
448 1995 481 2025 P
575 1995 638 2034 853
662 1993 905 2033 quoquinatum
926 1992 958 2022 A
1061 1993 1124 2032 854
1149 1992 1324 2022 constictis
1340 1990 1373 2021 A
1472 2002 1553 2031 quo-

220 2051 302 2080 quas
321 2040 352 2070 P
438 2040 501 2078 855
527 2044 578 2069 est
600 2049 619 2069 a
643 2038 775 2068 medico
798 2036 830 2067 P
852 2037 896 2075 (T
920 2043 980 2077 pro
1008 2036 1038 2066 ΙΝ
1165 2036 1229 2075 856
1255 2061 1261 2067 .
1283 2060 1289 2066 .
1308 2046 1328 2066 u
1347 2059 1354 2066 .
1374 2041 1406 2073 ta
1433 2035 1466 2064 A
1497 2036 1555 2074 (dc

221 2085 289 2115 uita
304 2086 313 2114 2
326 2094 347 2115 η
372 2094 438 2115 om.
457 2082 490 2112 P
557 2081 663 2112 ‘unde
680 2085 812 2122 apparet
829 2080 946 2119 duplex
964 2080 1048 2110 lrctio
1067 2092 1073 2110 :
1097 2080 1229 2111 amoliri
1248 2079 1360 2109 omnia
1376 2082 1406 2109 ct
1425 2078 1555 2109 amoliri

221 2129 262 2158 de
289 2127 359 2157 uia'
379 2126 444 2156 Leo
577 2127 641 2165 858
665 2125 832 2165 spectauit
849 2124 882 2155 P
1006 2125 1064 2154 861
1093 2124 1214 2154 §initos
1233 2124 1264 2153 A
1387 2123 1450 2160 864
1475 2132 1554 2153 con—

221 2170 414 2218 quiniscito]
448 2175 569 2200 ceneto
609 2169 705 2200 simul
745 2168 876 2198 Nonius
906 2169 969 2205 84:
1005 2168 1255 2207 conquiniscito
1284 2166 1382 2197 simul
1415 2165 1448 2196 P
1471 2168 1557 2206 (pm

221 2221 476 2285 ἓέζὲἳὲιέἶζὲἶιὴ
502 2258 530 2278 ν.
551 2248 585 2285 3⁸*
734 2247 797 2285 865
823 2245 914 2285 prius
932 2244 963 2274 P
1107 2245 1172 2275 866
1195 2244 1320 2284 possim
1338 2243 1371 2274 P
1471 2244 1556 2274 doce

223 2302 286 2322 om.
318 2291 349 2320 A
499 2292 560 2329 867
586 2291 710 2320 bonum
737 2301 802 2319 om.
835 2289 866 2319 P
1011 2290 1075 2327 869
1099 2288 1222 2318 Medea
1251 2287 1376 2318 Peliam
1403 2285 1556 2317 Merula:

225 2335 491 2373 medeapellame
511 2333 541 2363 P
568 2334 593 2364 L
607 2339 667 2373 pro
681 2333 708 2365 Ι)
729 2345 734 2363 :
753 2331 1017 2371 mcocappellam
1032 2332 1063 2361 A
1190 2332 1254 2370 872
1279 2341 1315 2360 es
1335 2331 1510 2360 neneficus
1523 2330 1556 2360 A

224 2380 288 2417 873
313 2390 331 2408 u
355 2388 448 2408 cr‘os
477 2377 519 2406 ,4¹
550 2380 704 2417 ἔνορχην-(11
733 2382 888 2406 seruator
920 2376 1074 2407 εκνιἸη-νιλ,
1107 2374 1192 2405 mult
1224 2385 1305 2404 uero
1331 2384 1402 2403 sum
1433 2373 1560 2404 Ru'lsclul

225 2423 257 2455 h.
271 2427 425 2453 seruator
443 2422 538 2451 ehem
553 2421 583 2450 A
606 2432 612 2450 z
637 2421 668 2450 h.
683 2425 838 2450 seruator
855 2420 958 2458 magis
979 2421 983 2459 ἱ
1007 2419 1068 2450 ΒΑ.
1092 2419 1188 2448 ehem
1208 2428 1304 2448 manc
1327 2417 1427 2457 sF'¹30
1442 2418 1557 2448 (mane
