1747 2740
747 153 926 191 PERSA
1471 155 1502 194 Ι.
1523 157 1554 192 ii

165 265 233 315 qui
260 264 264 316 Ι
290 265 354 303 hic
375 266 467 304 albo
488 273 569 303 rete
589 265 717 303 aliena
739 272 970 315 oppugnant
991 266 1107 304 bona.

101 340 142 377 75
165 332 235 369 sed
257 344 398 369 sumne
420 345 493 381 ego
515 332 655 369 stultus
678 330 745 380 qui
766 345 848 369 rem
870 344 964 368 curo
985 331 1187 380 publicam

164 396 231 434 ubi
254 396 330 435 sint
352 396 599 447 magistratus
620 410 720 446 quos
742 410 877 434 curare
898 398 1107 446 oporteat?

164 476 270 500 nunc
292 463 369 500 huc
391 461 493 500 intro
515 461 593 509 ibo,
618 461 743 500 uisam
765 463 968 500 hesternas
990 461 1185 511 reliquias,
1527 479 1566 509 ²5

163 526 387 577 quierintne
408 535 513 565 recte
534 541 671 574 necne,
696 541 792 565 num
814 526 1032 566 †infuerit†
1054 526 1185 574 febris,

164 600 351 643 opertaen
372 591 526 639 fuerint,
551 606 601 630 ne
622 592 709 642 quis
731 592 1008 642 obreptauerit.

100 659 145 693 80
164 659 234 697 sed
253 657 481 709 aperiuntur
501 660 632 706 aedes,
657 659 933 697 remorandust
953 659 1106 708 gradus.

525 770 778 807 TOX1Lvs
890 770 1140 807 SATVRro
1523 772 1569 810 iii

162 852 236 888 To.
270 852 445 890 Omnem
467 865 547 889 rem
570 850 717 898 inueni,
741 859 783 890 ut
805 865 875 890 sua
895 851 970 890 sibi
992 851 1161 902 pecunia

162 916 282 955 hodie
303 916 409 954 illam
431 916 548 954 faciat
568 918 659 955 leno
680 917 861 955 libertam
882 931 1005 955 suani.

162 983 233 1020 sed
254 984 394 1020 eccum
415 982 630 1032 parasitum
652 982 796 1032 quoius
818 982 914 1021 mihi
935 983 1118 1022 auxiliost
1140 997 1251 1034 opuS.

163 1046 360 1086 simulabo
381 1047 493 1098 quasi
514 1062 596 1086 non
617 1047 776 1086 uideam
798 1063 804 1086 :
836 1048 889 1086 ita
908 1048 1093 1087 adliciam
1117 1049 1257 1088 uirum.

100 1119 141 1162 85
163 1121 296 1152 curate
317 1113 403 1152 istic
424 1128 496 1152 uos
518 1122 636 1164 atque
657 1115 919 1164 adproperate
941 1115 1062 1162 ocius,
1523 1129 1540 1159 5

163 1192 213 1217 ne
234 1178 331 1216 mihi
353 1192 486 1217 morae
508 1179 556 1217 sit
577 1179 791 1230 quicquam
814 1180 882 1218 ubi
904 1194 977 1230 ego
999 1180 1101 1220 intro
1121 1183 1334 1220 aduenero.

162 1243 377 1283 commisce
399 1246 583 1292 mulsum,
607 1247 783 1284 struthea
804 1247 1040 1296 coluteaque
1060 1260 1216 1297 appara,

162 1309 265 1348 bene
286 1317 328 1348 ut
349 1309 388 1348 in
411 1310 549 1349 scutris
571 1303 790 1359 concaleat,
812 1319 850 1349 et
871 1313 1067 1350 calamum
1088 1312 1200 1351 inice.

163 1374 240 1412 iam
262 1376 328 1425 pol
350 1375 413 1413 ille
435 1375 499 1414 hic
520 1375 655 1423 aderit,
681 1377 811 1424 credo,
836 1390 1026 1428 congerro
1048 1391 1170 1417 meus.

97 1453 143 1488 90
162 1441 254 1478 SAT.
288 1454 351 1479 me
371 1440 478 1487 dicit,
503 1455 626 1491 eugae
644 1444 650 1479 1
710 1443 785 1480 To.
819 1443 970 1481 lautum
991 1445 1110 1482 credo
1132 1458 1153 1482 e
1175 1443 1340 1482 balineis
1525 1455 1563 1477 10

161 1504 239 1543 iam
260 1504 324 1544 hic
345 1507 585 1544 adfuturum.
649 1508 739 1545 SAT.
775 1515 817 1546 ut
839 1508 978 1547 ordine
1000 1522 1160 1547 omnem
1182 1523 1263 1547 rem
1285 1517 1392 1548 tenet
1410 1512 1416 1547 l

160 1572 235 1609 To.
267 1572 436 1621 collyrae
458 1572 574 1610 facite
596 1580 639 1611 ut
660 1575 848 1612 madeant
868 1582 906 1612 et
927 1574 1120 1625 colyphia,

161 1650 211 1675 ne
232 1636 329 1675 mihi
350 1637 507 1676 incocta
528 1638 641 1677 detis.
703 1641 794 1678 SAT.
826 1653 908 1678 rem
929 1640 1102 1690 loquitur
1123 1654 1282 1679 meram.

161 1702 273 1741 nihili
293 1711 384 1742 sunt
406 1705 551 1743 crudae
574 1704 647 1743 nisi
670 1719 766 1755 quas
788 1705 968 1744 madidas
988 1704 1173 1755 gluttia53

96 1779 138 1815 95
162 1777 245 1807 tum
267 1769 341 1807 nisi
363 1784 539 1809 cremore
562 1779 729 1809 crassost
752 1771 809 1809 ius
831 1771 1059 1821 collyricum
1524 1784 1559 1817 15

162 1834 310 1873 nihilist
332 1849 508 1874 macrum
532 1836 629 1875 illud
650 1837 876 1887 epicrocum
898 1837 1140 1887 pellucidum
1158 1853 1165 1876 :

161 1901 273 1950 quasi
295 1902 505 1942 †iuream†
537 1917 622 1941 esse
644 1903 703 1941 ius
725 1904 839 1942 decet
861 1903 1100 1953 collyricum.

162 1968 255 2005 nolo
276 1967 315 2005 in
338 1968 512 2007 uesicam
535 1970 643 2018 quod
665 1976 737 2016 eat,
762 1968 801 2006 in
823 1977 1001 2008 uentrem
1023 1970 1127 2007 uolo.

206 2071 246 2110 78
270 2071 510 2111 quieuenerint
531 2072 604 2113 ζ--Γίῐ
633 2071 681 2112 T)
703 2083 745 2103 ne
765 2072 831 2104 cod.
945 2073 1067 2103 afuerit
1090 2072 1327 2113 Hauptzfort.
1348 2073 1375 2103 is
1398 2073 1500 2105 fuerit

162 2125 204 2154 79
228 2121 392 2154 opertaen
419 2116 580 2155 Pylades:
605 2122 724 2156 oporte
749 2128 791 2147 ne
818 2116 884 2147 cod.
1034 2117 1075 2155 84
1100 2116 1242 2146 alliciam
1267 2117 1499 2150 Camerarius:

160 2158 307 2189 allictam
320 2159 386 2191 cod.
495 2161 536 2198 85
561 2160 654 2190 ocius
672 2164 708 2190 ut
723 2160 786 2191 vid.
803 2160 869 2191 cod.
882 2160 933 2199 (ac
951 2161 1001 2192 ius
1020 2161 1061 2200 (23
1083 2161 1118 2199 T,
1133 2161 1250 2190 oculus
1266 2160 1355 2191 pssc,
1457 2163 1497 2201 87

160 2202 384 2242 colutheaque
395 2203 470 2234 Ital.
489 2214 495 2233 ε
522 2204 776 2243 eolutheaquam
789 2204 854 2236 cod.
870 2209 908 2235 ul
918 2204 982 2236 vid.
1001 2205 1252 2243 &coluthequam
1265 2203 1354 2244 PBG)
1432 2217 1498 2235 me-

161 2249 250 2276 trum
267 2251 452 2287 suspectum
579 2248 622 2278 88
647 2249 843 2279 concalcant
860 2248 1007 2289 Scahjger
1093 2249 1192 2279 iniice
1209 2248 1283 2279 Ital.
1304 2260 1310 2278 2
1336 2249 1410 2279 nice
1427 2249 1494 2280 cod.

160 2299 199 2328 91
228 2295 263 2320 ut
283 2290 350 2332 [in]
370 2302 398 2322 ο.
419 2290 483 2322 cod.
508 2290 706 2333 (cornPCD)
798 2303 855 2323 rea
873 2297 909 2322 ul
924 2292 987 2324 vid.
1008 2292 1071 2323 cod.
1090 2292 1136 2330 (A
1147 2298 1208 2332 pro
1227 2292 1274 2328 M)
1296 2294 1387 2326 (corr.
1407 2292 1497 2332 PCD)

158 2342 201 2371 93
227 2334 356 2365 incocta
374 2346 416 2365 ne
435 2335 516 2365 mihi
534 2334 638 2365 Bothe
759 2335 908 2375 loquitur·
925 2346 1049 2368 meram
1071 2336 1286 2366 Camerarius
1302 2348 1308 2366 :
1334 2337 1495 2376 loquitum

160 2387 251 2408 eram
272 2378 337 2410 cod.
475 2390 517 2417 94
544 2378 639 2409 nihili
665 2379 770 2409 Pius:
798 2380 882 2411 nihil
909 2380 968 2411 cod
1109 2382 1152 2419 96
1176 2380 1306 2410 nihilist
1331 2380 1497 2421 Scaliger:

160 2421 240 2451 nihil
260 2427 311 2452 est
327 2422 393 2453 cod.
530 2433 571 2461 97
597 2423 648 2454 vel
662 2423 788 2454 uiream

1346 2496 1411 2532 εὖ*
