1747 2740
633 112 1038 152 MOSTELLARIA
1476 114 1506 152 I.
1528 113 1556 151 ii

280 238 369 264 eam
390 238 472 264 rem
493 225 670 265 uolutaui
691 232 729 264 et
749 224 817 264 diu
839 224 1051 276 disputaui‚

337 290 540 329 hominem
562 289 710 341 quoiiu‘
731 289 795 337 rei,
819 291 983 341 quando
1005 298 1120 329 natus
1141 297 1199 329 est
1532 305 1550 337 5

282 355 450 394 similem
471 369 557 394 esse
577 355 783 393 arbitrarer
803 355 1138 405 simulacrumque
1159 355 1305 394 habere

107 435 155 471 90
389 420 430 459 id
450 420 602 472 repperi
625 420 701 459 iam
723 422 959 471 exemplum.

280 500 473 526 nouarum
494 485 652 525 aedium
675 500 761 525 esse
781 486 928 525 arbitro
949 485 1118 525 similem
1141 500 1213 536 ego
1234 485 1439 525 hominem

279 553 442 603 quando
462 551 526 590 hic
547 559 662 590 natus
683 559 751 590 est.
812 551 846 590 ei
868 551 922 591 rei
942 559 1173 601 argumenta
1194 551 1335 590 dicam.

276 625 397 671 atque
417 618 495 657 hoc
515 618 593 656 hau
615 617 772 656 uidetur
792 617 874 656 ueri
895 617 1022 656 simile
1043 617 1168 663 uobis,
1531 632 1571 655 10

493 690 533 722 at
553 696 627 733 ego
647 682 687 722 id
709 682 850 722 faciam
872 696 957 722 esse
978 682 1031 721 ita
1052 690 1094 721 ut
1115 682 1294 721 credatis.

107 764 150 802 95
278 750 456 801 profecto
477 762 563 788 esse
583 748 636 787 ita
657 756 699 787 ut
719 748 906 799 praedico
928 761 1020 787 uera
1040 747 1208 786 uincam.

277 822 397 865 atque
417 815 494 852 hoc
515 821 671 852 uosmet
692 813 777 864 ipsi,
801 813 895 860 scio,
919 812 1085 863 proinde
1106 812 1163 851 uti
1183 826 1290 852 nunc

278 893 352 930 ego
373 893 458 918 esse
478 886 653 926 autumo,
676 880 839 929 quando
860 878 967 917 dicta
987 878 1154 917 audietis

387 942 521 998 [mea],
545 945 652 983 haud
673 943 785 982 aliter
805 943 845 982 id
867 943 1016 982 dicetis.
1531 960 1568 992 15

277 1011 508 1057 auscultate,
530 1016 762 1059 argumenta
782 1009 879 1047 dum
902 1008 993 1047 dico
1012 1010 1063 1047 ad
1085 1010 1188 1047 hanc
1205 1022 1286 1048 rem
1304 1025 1311 1048 :

86 1088 153 1115 100
279 1076 396 1115 simul
415 1075 591 1127 gnaruris
613 1088 684 1113 uos
705 1076 798 1113 uolo
820 1087 906 1113 esse
928 1075 1029 1113 hanc
1050 1088 1131 1112 rem
1153 1087 1322 1113 mecum.

276 1194 395 1233 aedes
417 1206 539 1243 quom
560 1194 759 1242 extemplo
781 1199 871 1230 sunt
892 1200 1060 1243 paratae,
1084 1191 1289 1242 expolitae,

384 1261 510 1298 factae
530 1260 654 1310 probe
676 1258 925 1306 examussim,

167 1327 330 1366 laudant
369 1325 523 1364 fabrum
561 1321 681 1375 atque
718 1326 837 1364 aedes
874 1325 1053 1376 probant,
1096 1324 1170 1362 sibi
1209 1324 1377 1375 quisque
1412 1325 1505 1364 inde
1527 1339 1568 1362 20

1053 1391 1279 1440 exemplum
1301 1398 1501 1440 expetunt,

168 1456 243 1496 sibi
272 1454 441 1508 quisque
470 1455 607 1494 similis
642 1457 726 1494 uolt
761 1468 860 1502 suas,
894 1462 1109 1505 sumptum,
1141 1468 1303 1505 operam
1331 1453 1506 1507 (parum)

1192 1528 1358 1572 parcunt
1379 1533 1500 1559 suam.

84 1601 147 1638 105
274 1596 395 1639 atque
415 1587 483 1626 ubi
503 1587 571 1626 illo
591 1586 787 1637 immigrat
808 1600 980 1637 nequam
1002 1587 1135 1633 homo,
1158 1585 1368 1636 indiligens

275 1666 366 1691 cum
387 1652 495 1703 pigra
515 1652 673 1699 familia,
697 1652 926 1699 inmundus,
950 1651 1184 1698 instrenuos,

167 1718 231 1757 hic
252 1717 329 1756 iam
346 1718 512 1756 aedibus
533 1717 674 1756 uitium
691 1717 860 1764 additur,
880 1718 1010 1756 bonae
1026 1730 1148 1767 quom
1170 1724 1356 1756 curantur
1377 1719 1478 1756 male
1493 1732 1502 1765 3

273 1791 392 1833 atque
413 1782 510 1822 illud
531 1796 648 1833 saepe
669 1784 710 1821 fit
728 1799 734 1822 :
766 1790 979 1834 tempestas
1000 1782 1120 1830 uenit,
1523 1802 1560 1834 ²5

275 1849 483 1899 confringit
504 1851 652 1900 tegulas
673 1849 937 1899 imbricesque
955 1864 961 1887 :
991 1848 1045 1887 ibi

83 1927 150 1953 110
275 1914 462 1954 dominus
483 1914 692 1965 indiligens
713 1915 877 1953 reddere
897 1914 992 1952 alias
1013 1915 1174 1961 neuolt;

276 1980 384 2019 uenit
405 1980 544 2027 imber,
564 1980 659 2018 lauit
679 1979 857 2030 parietes,
881 1981 1103 2030 perpluont‚

275 2046 381 2097 tigna
402 2045 600 2096 putefacit‚
624 2045 751 2095 perdit
772 2058 932 2096 operam
955 2045 1052 2084 fabri
1072 2060 1078 2083 :

210 2147 249 2186 87
277 2144 343 2178 uol.
361 2155 435 2175 eam
457 2154 527 2175 rem
559 2143 667 2183 lVeise,
695 2155 776 2174 nam
803 2145 857 2174 disi
877 2144 1006 2183 (bis-yla*
1025 2144 1128 2184 placet
1280 2143 1322 2173 88
1349 2154 1379 2174 n.
1409 2148 1501 2174 esset

168 2189 253 2220 Leo:
279 2193 392 2220 natust
417 2188 543 2219 Sclaeocll
565 2189 698 2228 (αντιφ.)
797 2189 840 2227 89
864 2198 909 2218 an
926 2188 1143 2219 arbitrarem?
1171 2187 1220 2227 (cs.
1240 2186 1288 2217 ad
1301 2188 1359 2226 91)
1457 2198 1497 2227 91

167 2233 313 2264 arbitror
330 2231 449 2263 B'PCD
545 2242 586 2272 92
610 2232 662 2262 hic
679 2231 738 2263 del.
758 2232 885 2262 Lorenz
987 2241 1073 2271 93-5
1098 2233 1312 2262 retractatoris
1327 2242 1393 2261 esse
1408 2231 1503 2262 credit

168 2277 299 2316 Ritschl,
316 2277 398 2317 sort.
426 2279 500 2306 recte
631 2286 673 2315 95
698 2276 743 2306 ita
770 2286 846 2306 esse
872 2275 960 2307 cod.:
994 2276 1066 2306 [ναί.
1096 2275 1227 2314 Bentley
1358 2276 1402 2314 98
1426 2286 1500 2306 mea

167 2321 226 2352 del.
247 2320 428 2352 Hermann
579 2329 639 2351 100
663 2330 725 2350 uos
751 2319 983 2350 Camerarius:
1014 2329 1058 2349 uo
1082 2319 1146 2349 cod.
1303 2329 1363 2356 104
1386 2319 1499 2349 simile

167 2375 229 2395 suo
247 2365 274 2395 is
291 2375 352 2395 Sua
368 2363 432 2394 cod.
450 2375 457 2394 :
481 2374 559 2394 corr.
576 2363 710 2400 Ritschl,
727 2362 868 2403 Spengel
967 2368 1103 2402 sumptu
1120 2362 1152 2392 Β
1252 2372 1368 2401 parum
1385 2362 1503 2392 addidi

173 2419 232 2448 105
250 2406 535 2448 indiligens[que]
547 2406 612 2437 cod.
630 2419 636 2437 :
656 2418 721 2446 que
732 2406 789 2437 del.
804 2406 943 2445 Pylades
1034 2408 1095 2436 106
1113 2406 1204 2436 instr.
1220 2405 1294 2437 Ital.
1311 2418 1318 2437 ε
1339 2411 1498 2436 strenuus

167 2452 233 2484 cod.
255 2455 299 2489 (v.
316 2462 346 2490 9,
366 2453 400 2490 8)
503 2452 562 2480 108
587 2450 635 2481 vel
649 2451 726 2480 illuc
829 2460 889 2480 112
913 2449 1091 2489 putrefacit
1108 2449 1173 2480 cod.
1188 2449 1312 2491 (pum)
1386 2450 1497 2489 perdit

169 2496 293 2537 Bergk:
320 2505 380 2535 per
395 2494 459 2526 cod.
480 2494 557 2535 (pro
574 2494 669 2534 perd,
689 2495 708 2524 ι’.
727 2504 750 2524 e.
771 2494 891 2535 perdit,
912 2494 964 2523 vii.
985 2505 1019 2532 4«
1389 2492 1392 2495 ⁴
