1747 2740
166 146 220 184 ΙΙ.
244 146 289 182 iii
663 145 709 181 T.
743 143 925 183 MACCI
959 144 1163 182 PLAVTI

182 267 224 303 70
297 258 379 294 AM.
411 262 450 294 at
471 268 545 306 ego
565 255 695 302 etiam,
714 254 782 305 qui
804 254 1046 305 sperauerint
1067 268 1177 306 spem
1198 254 1404 306 decepisse
1425 257 1581 295 multos.

179 329 182 333 ’
295 323 371 360 TR.
409 334 500 372 ergo
526 320 682 360 animus
709 334 858 371 aequos
886 327 1096 371 optumum
1124 328 1182 359 est
1208 334 1421 359 aerumnae
1450 320 1585 360 condi-

1390 393 1580 424 mentum.

295 466 370 502 ego
404 466 452 491 eo
482 452 598 501 intro,
619 451 693 491 nisi
724 451 820 503 quid
853 451 1067 490 uis—AM.
1104 465 1181 490 eas.
1243 464 1317 501 ego
1347 452 1457 502 quod
1488 451 1585 490 mihi

1377 515 1585 567 imperauit

295 583 491 629 sacerdos,
508 582 548 622 id
570 582 711 621 faciam
727 590 848 632 atque
868 595 1014 633 aquam
1031 581 1124 620 hinc
1140 582 1191 621 de
1207 594 1402 632 proxumo
1417 582 1584 632 rogabo3

296 661 387 686 nam
409 649 619 699 extemplo,
644 647 676 686 si
697 647 829 687 uerbis
850 647 931 686 suis
952 655 1143 698 peterem,
1163 648 1326 686 daturos
1346 646 1453 685 dixit.

181 725 221 759 75
296 727 426 764 neque
446 713 668 763 digniorem
690 727 836 752 censeo
857 712 1006 752 uidisse
1026 726 1148 752 anum
1170 726 1234 751 me
1254 725 1496 763 quemquam

296 779 391 830 quoi
412 780 509 818 deos
535 787 654 830 atque
682 779 865 819 homines
886 792 1071 818 censeam
1099 779 1203 818 bene
1230 779 1357 817 facere
1385 778 1499 830 magi’
1520 779 1585 818 de-

1483 857 1581 883 cere.

296 916 338 948 ut
359 909 501 960 lepide,
524 916 567 948 ut
587 909 808 957 liberaliter,
832 916 874 948 ut
895 910 1063 948 honeste
1083 917 1203 960 atque
1223 909 1302 948 hau
1322 916 1481 960 grauate

296 974 465 1022 timidas,
490 975 656 1025 egentis,
675 975 828 1022 uuidas,
852 974 1009 1023 eiectas,
1033 974 1276 1013 exanimatas

296 1040 449 1090 accepit
469 1041 520 1079 ad
542 1053 637 1087 sese,
662 1041 740 1078 hau
762 1053 876 1078 secus
898 1053 1019 1090 quam
1041 1039 1072 1078 si
1094 1053 1140 1078 ex
1161 1053 1203 1078 se
1223 1039 1346 1078 simus
1367 1043 1505 1078 natae!

181 1109 225 1141 80
297 1114 339 1144 ut
361 1119 478 1156 eapse
497 1103 589 1158 (sic)
609 1105 811 1144 succincta
831 1118 977 1155 aquam
999 1105 1217 1152 calefactat,
1239 1112 1282 1143 ut
1302 1105 1481 1143 lauemus
1498 1108 1505 1143 !

297 1184 415 1218 nunc,
447 1184 497 1209 ne
537 1184 670 1210 morae
704 1170 758 1209 illi
794 1170 879 1218 sim,
909 1178 1042 1220 petam
1077 1169 1170 1209 hinc
1208 1183 1354 1221 aquarn
1389 1171 1496 1209 unde
1530 1170 1584 1209 mi

1363 1235 1581 1286 imperauit.

295 1302 393 1340 heus
410 1302 545 1352 ecquis
561 1302 600 1340 in
624 1303 783 1340 uillast?
809 1302 945 1352 ecquis
962 1303 1040 1340 hoc
1056 1301 1252 1340 recludit?
1278 1301 1414 1352 ecquis
1430 1302 1584 1353 prodit?

176 1417 223 1454 iv
528 1415 856 1453 SCEPARNIO
967 1415 1300 1452 AMPELISCA

242 1497 304 1535 Sc.
338 1497 439 1546 Quis
461 1504 518 1535 est
539 1496 606 1547 qui
628 1496 770 1535 nostris
787 1504 867 1534 tam
885 1505 1068 1547 proterue
1089 1496 1237 1535 foribus
1258 1496 1350 1535 facit
1371 1497 1584 1537 iniuriam?

1603 660 1670 696 405

1603 1051 1674 1085 410

240 1564 324 1601 ΑΜ.
360 1577 434 1614 ego
464 1577 563 1602 sum.
623 1565 684 1602 SC.
722 1564 839 1602 hem!
875 1563 971 1613 quid
1002 1564 1078 1601 hoc
1109 1563 1204 1601 boni
1235 1565 1322 1602 est?
1360 1576 1408 1602 eu
1439 1565 1582 1615 edepol
1602 1579 1668 1614 415

1049 1629 1180 1680 specie
1201 1629 1333 1680 lepida
1353 1629 1557 1668 mulierem
1575 1634 1582 1668 2

243 1697 324 1734 AM.
363 1697 480 1743 salue,
514 1697 759 1735 adulescens.
820 1697 883 1734 Sc.
921 1704 959 1734 et
989 1704 1031 1734 tu
1063 1697 1230 1733 multum
1261 1696 1429 1742 salueto,
1451 1697 1583 1735 adule-

1391 1763 1579 1800 scentula.

243 1827 326 1865 AM.
362 1828 412 1865 ad
440 1840 512 1865 uos
540 1826 668 1866 uenio.
729 1828 792 1866 Sc.
829 1826 1022 1877 accipiam
1051 1825 1237 1876 hospitio,
1258 1825 1289 1864 si
1322 1838 1413 1864 mox
1445 1826 1581 1865 uenies

1413 1891 1578 1942 uesperi,

205 1968 221 2000 5
242 1956 335 1995 item
359 1964 400 1995 ut
416 1958 613 1996 adfectam
631 1972 639 2005 3
667 1971 758 1996 nam
776 1970 883 1995 nunc
900 1956 997 1995 nihil
1014 1964 1071 1995 est
1089 1956 1155 2007 qui
1173 1964 1210 1995 te
1227 1969 1344 1994 mane
1360 1969 1576 1995 munerem.

242 2024 311 2061 sed
339 2022 436 2073 quid
457 2024 525 2070 ais,
551 2037 638 2062 mea
659 2023 802 2073 lepida,
827 2022 978 2061 hilara?
1023 2024 1105 2060 AM.
1143 2023 1242 2061 aha!
1283 2021 1449 2060 nimium
1472 2021 1579 2060 fami-

1437 2087 1580 2125 liariter

288 2203 352 2233 405
376 2193 534 2233 exemplo
557 2193 628 2224 siue
654 2203 723 2223 uer.
751 2192 817 2223 cod.
843 2196 880 2222 u!
903 2192 990 2223 vim:
1016 2203 1093 2224 corr.
1118 2192 1190 2224 Ital.
1328 2202 1392 2231 407
1417 2192 1467 2223 vel
1482 2201 1579 2230 mage

243 2247 308 2276 410
332 2238 455 2277 accipit
471 2236 536 2268 cod.
673 2247 732 2276 411
761 2247 799 2266 ea
817 2246 878 2275 spe
889 2236 955 2266 cod.
1049 2237 1096 2267 sic
1107 2236 1183 2268 add.
1200 2236 1412 2267 Camerarius
1514 2246 1577 2275 412

245 2292 337 2312 mora
356 2281 440 2319 PBC,
468 2281 555 2311 unde
581 2279 661 2323 (in)
687 2291 779 2310 mora
805 2279 943 2309 Mueller
967 2279 1098 2318 ‹theim
1128 2279 1216 2310 Mus.
1245 2290 1296 2319 54,
1318 2280 1397 2318 400)
1531 2279 1580 2310 vcl

245 2326 324 2356 und'
340 2325 419 2355 mihi
568 2334 631 2364 415
658 2324 830 2354 mulierem
856 2322 995 2353 Dousa:
1038 2324 1157 2354 mulier
1181 2323 1246 2354 cod.
1391 2323 1455 2362 418
1479 2333 1577 2353 mane

243 2379 418 2399 munerem
436 2367 665 2399 Hildebrand:
690 2378 788 2398 mane
806 2367 978 2397 mulierem
997 2367 1062 2398 cod.
1082 2371 1118 2397 ut
1132 2367 1193 2398 vid.
1212 2379 1218 2397 :
1245 2367 1381 2396 inanem
1400 2376 1575 2397 munel-em

242 2412 322 2444 Ellis
455 2423 520 2452 419
544 2412 648 2442 hilara
683 2411 796 2452 lepida
820 2410 1014 2449 ·I*'l1·ckeisen‚
1048 2421 1131 2441 nam
1158 2412 1232 2440 mezi
1260 2410 1375 2450 lepida
1398 2411 1453 2440 vis
1470 2410 1578 2452 placet
