<?xml version="1.0" encoding="UTF-8"?>
<!DOCTYPE html PUBLIC "-//W3C//DTD XHTML 1.0 Transitional//EN"
    "http://www.w3.org/TR/xhtml1/DTD/xhtml1-transitional.dtd">
<html xmlns="http://www.w3.org/1999/xhtml" xml:lang="en" lang="en">
 <head>
  <title>
</title>
<meta http-equiv="Content-Type" content="text/html;charset=utf-8" />
  <meta name='ocr-system' content='tesseract 3.04.00' />
  <meta name='ocr-capabilities' content='ocr_page ocr_carea ocr_par ocr_line ocrx_word'/>
</head>
<body>
  <div class='ocr_page' id='page_1' title='image "./comoediaerecogno02plau_0565.png"; bbox 0 0 1747 2740; ppageno 0'>
   <div class='ocr_carea' id='block_1_1' title="bbox 668 129 1546 169">
    <p class='ocr_par' dir='ltr' id='par_1_1' title="bbox 668 129 1546 169">
     <span class='ocr_line' id='line_1_1' title="bbox 668 129 1546 169; baseline 0 -2"><span class='ocrx_word' id='word_1_1' title='bbox 668 130 704 167; x_wconf 88' lang='lat' dir='ltr'>T</span> <span class='ocrx_word' id='word_1_2' title='bbox 709 129 1084 169; x_wconf 89' lang='lat' dir='ltr'><strong>RVCVLENTVS</strong></span> <span class='ocrx_word' id='word_1_3' title='bbox 1507 131 1546 167; x_wconf 91' lang='lat' dir='ltr'>V</span> 
     </span>
    </p>
   </div>
   <div class='ocr_carea' id='block_1_2' title="bbox 118 239 1580 1127">
    <p class='ocr_par' dir='ltr' id='par_1_2' title="bbox 125 239 1545 539">
     <span class='ocr_line' id='line_1_2' title="bbox 211 239 1542 291; baseline 0 -11"><span class='ocrx_word' id='word_1_4' title='bbox 211 248 255 280; x_wconf 90' lang='lat' dir='ltr'>ut</span> <span class='ocrx_word' id='word_1_5' title='bbox 274 240 371 280; x_wconf 93' lang='lat' dir='ltr'>illud</span> <span class='ocrx_word' id='word_1_6' title='bbox 391 248 598 291; x_wconf 84' lang='lat' dir='ltr'>acceptum</span> <span class='ocrx_word' id='word_1_7' title='bbox 619 240 668 278; x_wconf 86' lang='lat' dir='ltr'>sit</span> <span class='ocrx_word' id='word_1_8' title='bbox 689 239 784 291; x_wconf 89' lang='lat' dir='ltr'>priu’</span> <span class='ocrx_word' id='word_1_9' title='bbox 798 241 907 290; x_wconf 88' lang='lat' dir='ltr'>quod</span> <span class='ocrx_word' id='word_1_10' title='bbox 928 239 1092 290; x_wconf 89' lang='lat' dir='ltr'>perdidi,</span> <span class='ocrx_word' id='word_1_11' title='bbox 1110 241 1186 279; x_wconf 90' lang='lat' dir='ltr'>hoc</span> <span class='ocrx_word' id='word_1_12' title='bbox 1205 241 1351 279; x_wconf 81' lang='lat' dir='ltr'>addam</span> <span class='ocrx_word' id='word_1_13' title='bbox 1373 240 1542 291; x_wconf 85' lang='lat' dir='ltr'><strong>insuper.</strong></span> 
     </span>
     <span class='ocr_line' id='line_1_3' title="bbox 125 304 1545 356; baseline 0 -11"><span class='ocrx_word' id='word_1_14' title='bbox 125 309 192 355; x_wconf 85' lang='lat'>895</span> <span class='ocrx_word' id='word_1_15' title='bbox 212 307 282 345; x_wconf 91' lang='lat' dir='ltr'>sed</span> <span class='ocrx_word' id='word_1_16' title='bbox 302 306 399 356; x_wconf 90' lang='lat' dir='ltr'>quid</span> <span class='ocrx_word' id='word_1_17' title='bbox 420 305 568 345; x_wconf 88' lang='lat' dir='ltr'>uideo?</span> <span class='ocrx_word' id='word_1_18' title='bbox 596 318 702 344; x_wconf 82' lang='lat' dir='ltr'>eram</span> <span class='ocrx_word' id='word_1_19' title='bbox 722 312 841 355; x_wconf 84' lang='lat' dir='ltr'>atque</span> <span class='ocrx_word' id='word_1_20' title='bbox 861 304 1044 343; x_wconf 81' lang='lat' dir='ltr'>ancillam</span> <span class='ocrx_word' id='word_1_21' title='bbox 1064 313 1156 343; x_wconf 78' lang='lat' dir='ltr'>ante</span> <span class='ocrx_word' id='word_1_22' title='bbox 1177 305 1295 344; x_wconf 78' lang='lat' dir='ltr'>aedis.</span> <span class='ocrx_word' id='word_1_23' title='bbox 1337 307 1545 345; x_wconf 74' lang='lat' dir='ltr'>adeundae</span> 
     </span>
     <span class='ocr_line' id='line_1_4' title="bbox 1316 371 1541 410; baseline 0 -1"><span class='ocrx_word' id='word_1_24' title='bbox 1316 372 1413 409; x_wconf 82' lang='lat' dir='ltr'>haec</span> <span class='ocrx_word' id='word_1_25' title='bbox 1435 371 1541 410; x_wconf 84' lang='lat' dir='ltr'>mihi.</span> 
     </span>
     <span class='ocr_line' id='line_1_5' title="bbox 208 435 1542 487; baseline -0.001 -13"><span class='ocrx_word' id='word_1_26' title='bbox 208 435 305 487; x_wconf 92' lang='lat' dir='ltr'>quid</span> <span class='ocrx_word' id='word_1_27' title='bbox 327 435 390 474; x_wconf 91' lang='lat' dir='ltr'>hic</span> <span class='ocrx_word' id='word_1_28' title='bbox 411 449 483 474; x_wconf 88' lang='lat' dir='ltr'>uos</span> <span class='ocrx_word' id='word_1_29' title='bbox 502 435 645 486; x_wconf 81' lang='lat' dir='ltr'>agitis?</span> <span class='ocrx_word' id='word_1_30' title='bbox 701 437 775 473; x_wconf 79' lang='lat' dir='ltr'>PH.</span> <span class='ocrx_word' id='word_1_31' title='bbox 809 448 859 473; x_wconf 90' lang='lat' dir='ltr'>ne</span> <span class='ocrx_word' id='word_1_32' title='bbox 879 448 943 473; x_wconf 88' lang='lat' dir='ltr'>me</span> <span class='ocrx_word' id='word_1_33' title='bbox 969 436 1134 485; x_wconf 81' lang='lat' dir='ltr'>appella.</span> <span class='ocrx_word' id='word_1_34' title='bbox 1195 436 1342 473; x_wconf 70' lang='lat' dir='ltr'>STRAT.</span> <span class='ocrx_word' id='word_1_35' title='bbox 1376 435 1542 473; x_wconf 88' lang='lat' dir='ltr'>nimium</span> 
     </span>
     <span class='ocr_line' id='line_1_6' title="bbox 1296 499 1539 539; baseline 0.004 -1"><span class='ocrx_word' id='word_1_36' title='bbox 1296 499 1423 539; x_wconf 83' lang='lat' dir='ltr'>saeuis</span> <span class='ocrx_word' id='word_1_37' title='bbox 1444 499 1539 539; x_wconf 85' lang='lat' dir='ltr'>†ic†.</span> 
     </span>
    </p>

    <p class='ocr_par' dir='ltr' id='par_1_3' title="bbox 118 564 1580 1127">
     <span class='ocr_line' id='line_1_7' title="bbox 208 564 1580 618; baseline -0.001 -13"><span class='ocrx_word' id='word_1_38' title='bbox 208 569 283 605; x_wconf 84' lang='lat' dir='ltr'>PH.</span> <span class='ocrx_word' id='word_1_39' title='bbox 329 566 464 618; x_wconf 88' lang='lat' dir='ltr'>potine</span> <span class='ocrx_word' id='word_1_40' title='bbox 502 573 545 604; x_wconf 89' lang='lat' dir='ltr'>ut</span> <span class='ocrx_word' id='word_1_41' title='bbox 584 564 680 603; x_wconf 89' lang='lat' dir='ltr'>mihi</span> <span class='ocrx_word' id='word_1_42' title='bbox 720 566 909 604; x_wconf 88' lang='lat' dir='ltr'>molestus</span> <span class='ocrx_word' id='word_1_43' title='bbox 958 578 1008 604; x_wconf 90' lang='lat' dir='ltr'>ne</span> <span class='ocrx_word' id='word_1_44' title='bbox 1058 564 1162 604; x_wconf 89' lang='lat' dir='ltr'>sies?</span> <span class='ocrx_word' id='word_1_45' title='bbox 1237 567 1384 604; x_wconf 72' lang='lat' dir='ltr'><strong>STRAT.</strong></span> <span class='ocrx_word' id='word_1_46' title='bbox 1431 565 1539 615; x_wconf 88' lang='lat' dir='ltr'>quid,</span> <span class='ocrx_word' id='word_1_47' title='bbox 1563 584 1580 615; x_wconf 86' lang='lat'>5</span> 
     </span>
     <span class='ocr_line' id='line_1_8' title="bbox 1075 630 1544 681; baseline 0.002 -13"><span class='ocrx_word' id='word_1_48' title='bbox 1075 630 1323 681; x_wconf 59' lang='lat' dir='ltr'>Astaphium,</span> <span class='ocrx_word' id='word_1_49' title='bbox 1348 630 1544 669; x_wconf 88' lang='lat' dir='ltr'>litiumst?</span> 
     </span>
     <span class='ocr_line' id='line_1_9' title="bbox 207 695 1543 746; baseline -0.001 -11"><span class='ocrx_word' id='word_1_50' title='bbox 207 698 275 735; x_wconf 93' lang='lat' dir='ltr'>As.</span> <span class='ocrx_word' id='word_1_51' title='bbox 308 696 447 736; x_wconf 89' lang='lat' dir='ltr'>merito</span> <span class='ocrx_word' id='word_1_52' title='bbox 480 703 632 735; x_wconf 84' lang='lat' dir='ltr'>ecastor</span> <span class='ocrx_word' id='word_1_53' title='bbox 665 695 736 734; x_wconf 89' lang='lat' dir='ltr'>tibi</span> <span class='ocrx_word' id='word_1_54' title='bbox 775 702 988 734; x_wconf 82' lang='lat' dir='ltr'>suscenset.</span> <span class='ocrx_word' id='word_1_55' title='bbox 1068 697 1141 733; x_wconf 79' lang='lat' dir='ltr'>PH.</span> <span class='ocrx_word' id='word_1_56' title='bbox 1183 709 1295 746; x_wconf 85' lang='lat' dir='ltr'>egon,</span> <span class='ocrx_word' id='word_1_57' title='bbox 1327 703 1447 746; x_wconf 81' lang='lat' dir='ltr'>atque</span> <span class='ocrx_word' id='word_1_58' title='bbox 1480 695 1543 734; x_wconf 83' lang='lat' dir='ltr'>isti</span> 
     </span>
     <span class='ocr_line' id='line_1_10' title="bbox 1265 761 1541 811; baseline 0 -12"><span class='ocrx_word' id='word_1_59' title='bbox 1265 761 1383 800; x_wconf 83' lang='lat' dir='ltr'>etiam</span> <span class='ocrx_word' id='word_1_60' title='bbox 1404 774 1541 811; x_wconf 86' lang='lat' dir='ltr'>parum</span> 
     </span>
     <span class='ocr_line' id='line_1_11' title="bbox 207 825 1539 876; baseline -0.001 -11"><span class='ocrx_word' id='word_1_61' title='bbox 207 829 308 865; x_wconf 90' lang='lat' dir='ltr'>male</span> <span class='ocrx_word' id='word_1_62' title='bbox 329 827 432 865; x_wconf 77' lang='lat' dir='ltr'>uolo.</span> <span class='ocrx_word' id='word_1_63' title='bbox 484 827 631 865; x_wconf 79' lang='lat' dir='ltr'>STRAT.</span> <span class='ocrx_word' id='word_1_64' title='bbox 655 839 739 876; x_wconf 85' lang='lat' dir='ltr'>ego,</span> <span class='ocrx_word' id='word_1_65' title='bbox 760 839 848 864; x_wconf 83' lang='lat' dir='ltr'>mea</span> <span class='ocrx_word' id='word_1_66' title='bbox 868 827 1061 876; x_wconf 80' lang='lat' dir='ltr'>uoluptas,</span> <span class='ocrx_word' id='word_1_67' title='bbox 1079 825 1109 863; x_wconf 84' lang='lat' dir='ltr'>si</span> <span class='ocrx_word' id='word_1_68' title='bbox 1131 826 1226 876; x_wconf 87' lang='lat' dir='ltr'>quid</span> <span class='ocrx_word' id='word_1_69' title='bbox 1245 826 1405 876; x_wconf 81' lang='lat' dir='ltr'>peccaui</span> <span class='ocrx_word' id='word_1_70' title='bbox 1423 826 1539 876; x_wconf 89' lang='lat' dir='ltr'>prius,</span> 
     </span>
     <span class='ocr_line' id='line_1_12' title="bbox 118 890 1542 943; baseline -0.001 -13"><span class='ocrx_word' id='word_1_71' title='bbox 118 890 443 943; x_wconf 88' lang='lat' dir='ltr'>900supplicium</span> <span class='ocrx_word' id='word_1_72' title='bbox 484 891 586 929; x_wconf 80' lang='lat' dir='ltr'>hanc</span> <span class='ocrx_word' id='word_1_73' title='bbox 622 890 771 929; x_wconf 81' lang='lat' dir='ltr'>minam</span> <span class='ocrx_word' id='word_1_74' title='bbox 806 891 888 929; x_wconf 92' lang='lat' dir='ltr'>fero</span> <span class='ocrx_word' id='word_1_75' title='bbox 922 890 1016 929; x_wconf 80' lang='lat' dir='ltr'>auri.</span> <span class='ocrx_word' id='word_1_76' title='bbox 1089 890 1119 928; x_wconf 91' lang='lat' dir='ltr'>si</span> <span class='ocrx_word' id='word_1_77' title='bbox 1160 890 1280 928; x_wconf 86' lang='lat' dir='ltr'>minu&#39;</span> <span class='ocrx_word' id='word_1_78' title='bbox 1313 890 1451 937; x_wconf 87' lang='lat' dir='ltr'>credis,</span> <span class='ocrx_word' id='word_1_79' title='bbox 1484 905 1542 929; x_wconf 89' lang='lat' dir='ltr'>re-</span> 
     </span>
     <span class='ocr_line' id='line_1_13' title="bbox 1418 957 1536 1007; baseline 0 -12"><span class='ocrx_word' id='word_1_80' title='bbox 1418 957 1536 1007; x_wconf 90' lang='lat' dir='ltr'>spice.</span> 
     </span>
     <span class='ocr_line' id='line_1_14' title="bbox 205 1021 1537 1073; baseline -0.001 -12"><span class='ocrx_word' id='word_1_81' title='bbox 205 1024 280 1062; x_wconf 82' lang='lat' dir='ltr'>PH.</span> <span class='ocrx_word' id='word_1_82' title='bbox 313 1023 443 1061; x_wconf 86' lang='lat' dir='ltr'>manu’</span> <span class='ocrx_word' id='word_1_83' title='bbox 473 1029 583 1060; x_wconf 87' lang='lat' dir='ltr'>uotat</span> <span class='ocrx_word' id='word_1_84' title='bbox 612 1021 710 1073; x_wconf 89' lang='lat' dir='ltr'>priu&#39;</span> <span class='ocrx_word' id='word_1_85' title='bbox 739 1034 858 1072; x_wconf 82' lang='lat' dir='ltr'>quam</span> <span class='ocrx_word' id='word_1_86' title='bbox 889 1034 1011 1072; x_wconf 89' lang='lat' dir='ltr'>penes</span> <span class='ocrx_word' id='word_1_87' title='bbox 1041 1034 1126 1060; x_wconf 89' lang='lat' dir='ltr'>sese</span> <span class='ocrx_word' id='word_1_88' title='bbox 1156 1021 1299 1059; x_wconf 83' lang='lat' dir='ltr'>habeat</span> <span class='ocrx_word' id='word_1_89' title='bbox 1324 1021 1537 1072; x_wconf 83' lang='lat' dir='ltr'>quicquam</span> 
     </span>
     <span class='ocr_line' id='line_1_15' title="bbox 1364 1089 1535 1127; baseline 0.012 -2"><span class='ocrx_word' id='word_1_90' title='bbox 1364 1089 1535 1127; x_wconf 88' lang='lat' dir='ltr'>credere.</span> 
     </span>
    </p>
   </div>
   <div class='ocr_carea' id='block_1_3' title="bbox 113 1152 1598 1664">
    <p class='ocr_par' dir='ltr' id='par_1_4' title="bbox 200 1152 1598 1335">
     <span class='ocr_line' id='line_1_16' title="bbox 202 1152 1598 1205; baseline -0.001 -13"><span class='ocrx_word' id='word_1_91' title='bbox 202 1167 325 1205; x_wconf 89' lang='lat' dir='ltr'>puero</span> <span class='ocrx_word' id='word_1_92' title='bbox 338 1160 455 1205; x_wconf 90' lang='lat' dir='ltr'>opust</span> <span class='ocrx_word' id='word_1_93' title='bbox 470 1153 616 1202; x_wconf 87' lang='lat' dir='ltr'>cibum,</span> <span class='ocrx_word' id='word_1_94' title='bbox 635 1166 736 1204; x_wconf 92' lang='lat' dir='ltr'>opus</span> <span class='ocrx_word' id='word_1_95' title='bbox 757 1160 815 1192; x_wconf 88' lang='lat' dir='ltr'>est</span> <span class='ocrx_word' id='word_1_96' title='bbox 837 1152 950 1191; x_wconf 86' lang='lat' dir='ltr'>matri</span> <span class='ocrx_word' id='word_1_97' title='bbox 970 1155 1103 1191; x_wconf 79' lang='lat' dir='ltr'>autem</span> <span class='ocrx_word' id='word_1_98' title='bbox 1124 1166 1226 1202; x_wconf 82' lang='lat' dir='ltr'>quae</span> <span class='ocrx_word' id='word_1_99' title='bbox 1247 1166 1412 1203; x_wconf 89' lang='lat' dir='ltr'>puerum</span> <span class='ocrx_word' id='word_1_100' title='bbox 1428 1153 1537 1202; x_wconf 76' lang='lat' dir='ltr'>lauit,</span> <span class='ocrx_word' id='word_1_101' title='bbox 1559 1167 1598 1190; x_wconf 91' lang='lat'>10</span> 
     </span>
     <span class='ocr_line' id='line_1_17' title="bbox 201 1217 1256 1270; baseline -0.003 -12"><span class='ocrx_word' id='word_1_102' title='bbox 201 1221 292 1270; x_wconf 88' lang='lat' dir='ltr'>opu’</span> <span class='ocrx_word' id='word_1_103' title='bbox 314 1219 464 1266; x_wconf 91' lang='lat' dir='ltr'>nutrici,</span> <span class='ocrx_word' id='word_1_104' title='bbox 487 1221 575 1257; x_wconf 87' lang='lat' dir='ltr'>lact’</span> <span class='ocrx_word' id='word_1_105' title='bbox 596 1226 638 1257; x_wconf 93' lang='lat' dir='ltr'>ut</span> <span class='ocrx_word' id='word_1_106' title='bbox 658 1218 814 1265; x_wconf 85' lang='lat' dir='ltr'>habeat,</span> <span class='ocrx_word' id='word_1_107' title='bbox 836 1217 979 1256; x_wconf 89' lang='lat' dir='ltr'>ueteris</span> <span class='ocrx_word' id='word_1_108' title='bbox 1000 1217 1081 1256; x_wconf 86' lang='lat' dir='ltr'>uini</span> <span class='ocrx_word' id='word_1_109' title='bbox 1102 1217 1256 1267; x_wconf 79' lang='lat' dir='ltr'>largiter</span> 
     </span>
     <span class='ocr_line' id='line_1_18' title="bbox 200 1283 1415 1335; baseline -0.002 -11"><span class='ocrx_word' id='word_1_110' title='bbox 200 1293 243 1324; x_wconf 92' lang='lat' dir='ltr'>ut</span> <span class='ocrx_word' id='word_1_111' title='bbox 263 1285 347 1324; x_wconf 88' lang='lat' dir='ltr'>dies</span> <span class='ocrx_word' id='word_1_112' title='bbox 368 1292 584 1335; x_wconf 88' lang='lat' dir='ltr'>noctesque</span> <span class='ocrx_word' id='word_1_113' title='bbox 604 1291 726 1334; x_wconf 86' lang='lat' dir='ltr'>potet,</span> <span class='ocrx_word' id='word_1_114' title='bbox 749 1291 866 1333; x_wconf 85' lang='lat' dir='ltr'>opust</span> <span class='ocrx_word' id='word_1_115' title='bbox 886 1283 1003 1333; x_wconf 86' lang='lat' dir='ltr'>ligno,</span> <span class='ocrx_word' id='word_1_116' title='bbox 1027 1290 1144 1333; x_wconf 86' lang='lat' dir='ltr'>opust</span> <span class='ocrx_word' id='word_1_117' title='bbox 1165 1283 1415 1331; x_wconf 77' lang='lat' dir='ltr'>carbonibus,</span> 
     </span>
    </p>

    <p class='ocr_par' dir='ltr' id='par_1_5' title="bbox 113 1348 1592 1532">
     <span class='ocr_line' id='line_1_19' title="bbox 113 1348 1177 1400; baseline -0.004 -11"><span class='ocrx_word' id='word_1_118' title='bbox 113 1362 179 1398; x_wconf 87' lang='lat'>905</span> <span class='ocrx_word' id='word_1_119' title='bbox 200 1351 330 1389; x_wconf 81' lang='lat' dir='ltr'>fasciis</span> <span class='ocrx_word' id='word_1_120' title='bbox 349 1364 449 1400; x_wconf 90' lang='lat' dir='ltr'>opus</span> <span class='ocrx_word' id='word_1_121' title='bbox 469 1357 538 1396; x_wconf 88' lang='lat' dir='ltr'>est,</span> <span class='ocrx_word' id='word_1_122' title='bbox 562 1348 745 1400; x_wconf 80' lang='lat' dir='ltr'>puluinis,</span> <span class='ocrx_word' id='word_1_123' title='bbox 768 1348 892 1395; x_wconf 83' lang='lat' dir='ltr'>cunis,</span> <span class='ocrx_word' id='word_1_124' title='bbox 914 1348 1177 1395; x_wconf 81' lang='lat' dir='ltr'>incunabulis,</span> 
     </span>
     <span class='ocr_line' id='line_1_20' title="bbox 199 1411 1479 1468; baseline 0 -14"><span class='ocrx_word' id='word_1_125' title='bbox 199 1417 331 1454; x_wconf 90' lang='lat' dir='ltr'>oleum</span> <span class='ocrx_word' id='word_1_126' title='bbox 353 1414 515 1468; x_wconf 79' lang='lat' dir='ltr'>(opust),</span> <span class='ocrx_word' id='word_1_127' title='bbox 538 1427 638 1465; x_wconf 91' lang='lat' dir='ltr'>opus</span> <span class='ocrx_word' id='word_1_128' title='bbox 658 1421 717 1453; x_wconf 90' lang='lat' dir='ltr'>est</span> <span class='ocrx_word' id='word_1_129' title='bbox 737 1413 860 1452; x_wconf 77' lang='lat' dir='ltr'>farina</span> <span class='ocrx_word' id='word_1_130' title='bbox 876 1428 886 1461; x_wconf 72' lang='lat'>5</span> <span class='ocrx_word' id='word_1_131' title='bbox 919 1411 1099 1465; x_wconf 70' lang='lat' dir='ltr'>pu&lt;e&gt;rus</span> <span class='ocrx_word' id='word_1_132' title='bbox 1120 1421 1178 1452; x_wconf 87' lang='lat' dir='ltr'>est</span> <span class='ocrx_word' id='word_1_133' title='bbox 1199 1421 1326 1452; x_wconf 89' lang='lat' dir='ltr'>totum</span> <span class='ocrx_word' id='word_1_134' title='bbox 1348 1414 1453 1453; x_wconf 86' lang='lat' dir='ltr'>diem</span> <span class='ocrx_word' id='word_1_135' title='bbox 1472 1432 1479 1454; x_wconf 90' lang='lat'>:</span> 
     </span>
     <span class='ocr_line' id='line_1_21' title="bbox 198 1479 1592 1532; baseline -0.001 -12"><span class='ocrx_word' id='word_1_136' title='bbox 198 1494 416 1532; x_wconf 83' lang='lat' dir='ltr'>numquam</span> <span class='ocrx_word' id='word_1_137' title='bbox 451 1482 527 1519; x_wconf 92' lang='lat' dir='ltr'>hoc</span> <span class='ocrx_word' id='word_1_138' title='bbox 559 1493 640 1518; x_wconf 88' lang='lat' dir='ltr'>uno</span> <span class='ocrx_word' id='word_1_139' title='bbox 674 1479 738 1518; x_wconf 85' lang='lat' dir='ltr'>die</span> <span class='ocrx_word' id='word_1_140' title='bbox 772 1479 972 1518; x_wconf 81' lang='lat' dir='ltr'>ecficiatur</span> <span class='ocrx_word' id='word_1_141' title='bbox 1004 1481 1095 1530; x_wconf 90' lang='lat' dir='ltr'>opu&#39;</span> <span class='ocrx_word' id='word_1_142' title='bbox 1127 1479 1222 1529; x_wconf 88' lang='lat' dir='ltr'>quin</span> <span class='ocrx_word' id='word_1_143' title='bbox 1258 1482 1349 1531; x_wconf 90' lang='lat' dir='ltr'>opu’</span> <span class='ocrx_word' id='word_1_144' title='bbox 1379 1495 1534 1532; x_wconf 88' lang='lat' dir='ltr'>semper</span> <span class='ocrx_word' id='word_1_145' title='bbox 1556 1496 1592 1528; x_wconf 91' lang='lat'>15</span> 
     </span>
    </p>

    <p class='ocr_par' dir='ltr' id='par_1_6' title="bbox 1436 1547 1534 1595">
     <span class='ocr_line' id='line_1_22' title="bbox 1436 1547 1534 1595; baseline 0.01 -10"><span class='ocrx_word' id='word_1_146' title='bbox 1436 1547 1509 1586; x_wconf 84' lang='lat' dir='ltr'>siet</span> <span class='ocrx_word' id='word_1_147' title='bbox 1524 1563 1534 1595; x_wconf 88' lang='lat'>;</span> 
     </span>
    </p>

    <p class='ocr_par' dir='ltr' id='par_1_7' title="bbox 196 1610 1345 1664">
     <span class='ocr_line' id='line_1_23' title="bbox 196 1610 1345 1664; baseline -0.002 -12"><span class='ocrx_word' id='word_1_148' title='bbox 196 1627 277 1652; x_wconf 91' lang='lat' dir='ltr'>non</span> <span class='ocrx_word' id='word_1_149' title='bbox 298 1613 403 1652; x_wconf 88' lang='lat' dir='ltr'>enim</span> <span class='ocrx_word' id='word_1_150' title='bbox 425 1620 590 1664; x_wconf 84' lang='lat' dir='ltr'>possunt</span> <span class='ocrx_word' id='word_1_151' title='bbox 610 1612 796 1651; x_wconf 83' lang='lat' dir='ltr'>militares</span> <span class='ocrx_word' id='word_1_152' title='bbox 817 1611 926 1663; x_wconf 90' lang='lat' dir='ltr'>pueri</span> <span class='ocrx_word' id='word_1_153' title='bbox 949 1610 1129 1651; x_wconf 82' lang='lat' dir='ltr'>†etauio†</span> <span class='ocrx_word' id='word_1_154' title='bbox 1151 1611 1345 1650; x_wconf 87' lang='lat' dir='ltr'>exducier.</span> 
     </span>
    </p>
   </div>
   <div class='ocr_carea' id='block_1_4' title="bbox 188 1714 1533 2417">
    <p class='ocr_par' dir='ltr' id='par_1_8' title="bbox 188 1714 1533 2417">
     <span class='ocr_line' id='line_1_24' title="bbox 196 1714 1528 1755; baseline -0.002 -5"><span class='ocrx_word' id='word_1_155' title='bbox 196 1720 337 1750; x_wconf 67' lang='lat' dir='ltr'>damnas</span> <span class='ocrx_word' id='word_1_156' title='bbox 369 1718 508 1750; x_wconf 84' lang='lat' dir='ltr'>Dousa:</span> <span class='ocrx_word' id='word_1_157' title='bbox 546 1717 679 1748; x_wconf 85' lang='lat' dir='ltr'>damnis</span> <span class='ocrx_word' id='word_1_158' title='bbox 696 1717 761 1749; x_wconf 87' lang='lat' dir='ltr'>cod.</span> <span class='ocrx_word' id='word_1_159' title='bbox 933 1717 996 1755; x_wconf 89' lang='lat'>895</span> <span class='ocrx_word' id='word_1_160' title='bbox 1030 1714 1129 1745; x_wconf 86' lang='lat' dir='ltr'>uideo</span> <span class='ocrx_word' id='word_1_161' title='bbox 1158 1714 1310 1745; x_wconf 76' lang='lat' dir='ltr'>Merula:</span> <span class='ocrx_word' id='word_1_162' title='bbox 1342 1716 1435 1747; x_wconf 86' lang='lat' dir='ltr'>uidet</span> <span class='ocrx_word' id='word_1_163' title='bbox 1463 1717 1528 1749; x_wconf 85' lang='lat' dir='ltr'><em>cod.</em></span> 
     </span>
     <span class='ocr_line' id='line_1_25' title="bbox 194 1758 1533 1794; baseline -0.002 0"><span class='ocrx_word' id='word_1_164' title='bbox 194 1764 349 1794; x_wconf 81' lang='lat' dir='ltr'>adeunda</span> <span class='ocrx_word' id='word_1_165' title='bbox 370 1768 421 1793; x_wconf 89' lang='lat' dir='ltr'>est</span> <span class='ocrx_word' id='word_1_166' title='bbox 440 1763 525 1793; x_wconf 89' lang='lat' dir='ltr'>haec</span> <span class='ocrx_word' id='word_1_167' title='bbox 548 1761 629 1792; x_wconf 89' lang='lat' dir='ltr'>mihi</span> <span class='ocrx_word' id='word_1_168' title='bbox 651 1760 716 1792; x_wconf 84' lang='lat' dir='ltr'>cod.</span> <span class='ocrx_word' id='word_1_169' title='bbox 737 1772 744 1791; x_wconf 89' lang='lat'><strong>:</strong></span> <span class='ocrx_word' id='word_1_170' title='bbox 774 1771 852 1791; x_wconf 74' lang='lat' dir='ltr'><em>corr.</em></span> <span class='ocrx_word' id='word_1_171' title='bbox 877 1760 962 1791; x_wconf 81' lang='lat' dir='ltr'>Leo:</span> <span class='ocrx_word' id='word_1_172' title='bbox 993 1759 1148 1790; x_wconf 87' lang='lat' dir='ltr'>adeunda</span> <span class='ocrx_word' id='word_1_173' title='bbox 1171 1758 1256 1789; x_wconf 87' lang='lat' dir='ltr'>haec</span> <span class='ocrx_word' id='word_1_174' title='bbox 1290 1759 1404 1790; x_wconf 83' lang='lat' dir='ltr'>mihist</span> <span class='ocrx_word' id='word_1_175' title='bbox 1429 1759 1533 1792; x_wconf 81' lang='lat' dir='ltr'>Bothe</span> 
     </span>
     <span class='ocr_line' id='line_1_26' title="bbox 195 1802 1531 1846; baseline -0.001 -9"><span class='ocrx_word' id='word_1_176' title='bbox 195 1808 260 1846; x_wconf 88' lang='lat'>896</span> <span class='ocrx_word' id='word_1_177' title='bbox 283 1805 431 1846; x_wconf 85' lang='lat' dir='ltr'>appellat</span> <span class='ocrx_word' id='word_1_178' title='bbox 457 1805 578 1836; x_wconf 86' lang='lat' dir='ltr'>nimius</span> <span class='ocrx_word' id='word_1_179' title='bbox 605 1805 660 1836; x_wconf 88' lang='lat' dir='ltr'>eui</span> <span class='ocrx_word' id='word_1_180' title='bbox 686 1805 733 1836; x_wconf 88' lang='lat' dir='ltr'>sic</span> <span class='ocrx_word' id='word_1_181' title='bbox 762 1803 827 1835; x_wconf 83' lang='lat' dir='ltr'><em>cod.</em></span> <span class='ocrx_word' id='word_1_182' title='bbox 848 1816 854 1835; x_wconf 93' lang='lat'><strong>:</strong></span> <span class='ocrx_word' id='word_1_183' title='bbox 890 1814 970 1834; x_wconf 85' lang='lat' dir='ltr'><em>corr.</em></span> <span class='ocrx_word' id='word_1_184' title='bbox 999 1802 1074 1834; x_wconf 82' lang='lat' dir='ltr'>Ital.</span> <span class='ocrx_word' id='word_1_185' title='bbox 1175 1802 1258 1842; x_wconf 84' lang='lat' dir='ltr'>fort.</span> <span class='ocrx_word' id='word_1_186' title='bbox 1284 1813 1351 1833; x_wconf 86' lang='lat' dir='ltr'>sae.</span> <span class='ocrx_word' id='word_1_187' title='bbox 1381 1805 1531 1836; x_wconf 84' lang='lat' dir='ltr'>saeuiter</span> 
     </span>
     <span class='ocr_line' id='line_1_27' title="bbox 195 1846 1527 1891; baseline -0.002 -10"><span class='ocrx_word' id='word_1_188' title='bbox 195 1852 259 1891; x_wconf 91' lang='lat'>897</span> <span class='ocrx_word' id='word_1_189' title='bbox 284 1851 419 1890; x_wconf 83' lang='lat' dir='ltr'>potines</span> <span class='ocrx_word' id='word_1_190' title='bbox 435 1849 500 1880; x_wconf 88' lang='lat' dir='ltr'>cod.</span> <span class='ocrx_word' id='word_1_191' title='bbox 574 1849 693 1889; x_wconf 87' lang='lat' dir='ltr'>ecquid</span> <span class='ocrx_word' id='word_1_192' title='bbox 715 1849 806 1887; x_wconf 83' lang='lat' dir='ltr'>(cum</span> <span class='ocrx_word' id='word_1_193' title='bbox 824 1848 886 1884; x_wconf 56' lang='lat' dir='ltr'>sis)</span> <span class='ocrx_word' id='word_1_194' title='bbox 905 1847 1080 1878; x_wconf 77' lang='lat' dir='ltr'>Buecheler</span> <span class='ocrx_word' id='word_1_195' title='bbox 1150 1851 1202 1877; x_wconf 85' lang='lat' dir='ltr'>ast</span> <span class='ocrx_word' id='word_1_196' title='bbox 1219 1846 1418 1886; x_wconf 85' lang='lat' dir='ltr'>apilitiumst</span> <span class='ocrx_word' id='word_1_197' title='bbox 1435 1847 1502 1878; x_wconf 86' lang='lat' dir='ltr'>cod.</span> <span class='ocrx_word' id='word_1_198' title='bbox 1521 1861 1527 1881; x_wconf 93' lang='lat'><strong>:</strong></span> 
     </span>
     <span class='ocr_line' id='line_1_28' title="bbox 195 1891 1529 1935; baseline -0.001 -10"><span class='ocrx_word' id='word_1_199' title='bbox 195 1905 276 1926; x_wconf 86' lang='lat' dir='ltr'><strong><em>corr.</em></strong></span> <span class='ocrx_word' id='word_1_200' title='bbox 288 1893 432 1935; x_wconf 80' lang='lat' dir='ltr'>Spengel</span> <span class='ocrx_word' id='word_1_201' title='bbox 559 1894 624 1932; x_wconf 90' lang='lat'>898</span> <span class='ocrx_word' id='word_1_202' title='bbox 644 1892 701 1923; x_wconf 91' lang='lat' dir='ltr'>tibi</span> <span class='ocrx_word' id='word_1_203' title='bbox 719 1891 794 1923; x_wconf 87' lang='lat' dir='ltr'>Ital.</span> <span class='ocrx_word' id='word_1_204' title='bbox 811 1903 817 1922; x_wconf 91' lang='lat'>:</span> <span class='ocrx_word' id='word_1_205' title='bbox 844 1892 908 1922; x_wconf 85' lang='lat' dir='ltr'>sibi</span> <span class='ocrx_word' id='word_1_206' title='bbox 925 1891 990 1922; x_wconf 86' lang='lat' dir='ltr'>cod.</span> <span class='ocrx_word' id='word_1_207' title='bbox 1063 1891 1139 1929; x_wconf 86' lang='lat' dir='ltr'>lego</span> <span class='ocrx_word' id='word_1_208' title='bbox 1157 1896 1284 1929; x_wconf 87' lang='lat' dir='ltr'>natque</span> <span class='ocrx_word' id='word_1_209' title='bbox 1305 1901 1346 1921; x_wconf 87' lang='lat' dir='ltr'>ne</span> <span class='ocrx_word' id='word_1_210' title='bbox 1366 1891 1418 1921; x_wconf 81' lang='lat' dir='ltr'>isti</span> <span class='ocrx_word' id='word_1_211' title='bbox 1440 1891 1502 1922; x_wconf 86' lang='lat' dir='ltr'><em>cod.</em></span> <span class='ocrx_word' id='word_1_212' title='bbox 1522 1904 1529 1923; x_wconf 92' lang='lat'>:</span> 
     </span>
     <span class='ocr_line' id='line_1_29' title="bbox 195 1934 1528 1976; baseline -0.002 -8"><span class='ocrx_word' id='word_1_213' title='bbox 195 1949 275 1970; x_wconf 89' lang='lat' dir='ltr'><em>corr.</em></span> <span class='ocrx_word' id='word_1_214' title='bbox 294 1937 502 1969; x_wconf 72' lang='lat' dir='ltr'>Camerarius</span> <span class='ocrx_word' id='word_1_215' title='bbox 631 1946 698 1976; x_wconf 90' lang='lat'>900</span> <span class='ocrx_word' id='word_1_216' title='bbox 722 1936 809 1966; x_wconf 89' lang='lat' dir='ltr'>hanc</span> <span class='ocrx_word' id='word_1_217' title='bbox 841 1935 985 1975; x_wconf 80' lang='lat' dir='ltr'>Ussing:</span> <span class='ocrx_word' id='word_1_218' title='bbox 1017 1935 1163 1965; x_wconf 82' lang='lat' dir='ltr'>archanc</span> <span class='ocrx_word' id='word_1_219' title='bbox 1187 1934 1331 1972; x_wconf 86' lang='lat' dir='ltr'>(adhanc</span> <span class='ocrx_word' id='word_1_220' title='bbox 1350 1934 1439 1964; x_wconf 46' lang='lat' dir='ltr'>PCD¹</span> <span class='ocrx_word' id='word_1_221' title='bbox 1461 1935 1528 1966; x_wconf 84' lang='lat' dir='ltr'>cod.</span> 
     </span>
     <span class='ocr_line' id='line_1_30' title="bbox 195 1978 1525 2021; baseline -0.002 -9"><span class='ocrx_word' id='word_1_222' title='bbox 195 1983 254 2021; x_wconf 93' lang='lat' dir='ltr'>(iv.</span> <span class='ocrx_word' id='word_1_223' title='bbox 273 1984 324 2021; x_wconf 74' lang='lat'>3):</span> <span class='ocrx_word' id='word_1_224' title='bbox 351 1981 393 2012; x_wconf 89' lang='lat' dir='ltr'>ad</span> <span class='ocrx_word' id='word_1_225' title='bbox 418 1986 452 2012; x_wconf 87' lang='lat' dir='ltr'>te</span> <span class='ocrx_word' id='word_1_226' title='bbox 477 1981 563 2012; x_wconf 90' lang='lat' dir='ltr'>hanc</span> <span class='ocrx_word' id='word_1_227' title='bbox 589 1980 804 2011; x_wconf 82' lang='lat' dir='ltr'>Camerarius</span> <span class='ocrx_word' id='word_1_228' title='bbox 893 1979 1004 2009; x_wconf 88' lang='lat' dir='ltr'>minus</span> <span class='ocrx_word' id='word_1_229' title='bbox 1026 1979 1165 2018; x_wconf 69' lang='lat' dir='ltr'><em>Buggc:</em></span> <span class='ocrx_word' id='word_1_230' title='bbox 1193 1978 1273 2008; x_wconf 88' lang='lat' dir='ltr'>mihi</span> <span class='ocrx_word' id='word_1_231' title='bbox 1292 1978 1357 2008; x_wconf 83' lang='lat' dir='ltr'>cod.</span> <span class='ocrx_word' id='word_1_232' title='bbox 1379 1982 1454 2017; x_wconf 34' lang='lat' dir='ltr'>&amp;pro</span> <span class='ocrx_word' id='word_1_233' title='bbox 1471 1984 1525 2021; x_wconf 77' lang='lat' dir='ltr'>mi,</span> 
     </span>
     <span class='ocr_line' id='line_1_31' title="bbox 194 2022 1528 2063; baseline -0.002 -7"><span class='ocrx_word' id='word_1_234' title='bbox 194 2026 213 2057; x_wconf 84' lang='lat' dir='ltr'>i.</span> <span class='ocrx_word' id='word_1_235' title='bbox 228 2036 251 2057; x_wconf 89' lang='lat' dir='ltr'>e.</span> <span class='ocrx_word' id='word_1_236' title='bbox 276 2025 426 2060; x_wconf 53' lang='lat' dir='ltr'>minusv,</span> <span class='ocrx_word' id='word_1_237' title='bbox 517 2024 628 2055; x_wconf 83' lang='lat' dir='ltr'>credis</span> <span class='ocrx_word' id='word_1_238' title='bbox 652 2024 783 2063; x_wconf 81' lang='lat' dir='ltr'>respice</span> <span class='ocrx_word' id='word_1_239' title='bbox 808 2022 992 2062; x_wconf 61' lang='lat' dir='ltr'>sindulfus,</span> <span class='ocrx_word' id='word_1_240' title='bbox 1022 2022 1197 2053; x_wconf 73' lang='lat' dir='ltr'>Muretus:</span> <span class='ocrx_word' id='word_1_241' title='bbox 1229 2022 1255 2052; x_wconf 85' lang='lat' dir='ltr'>ri</span> <span class='ocrx_word' id='word_1_242' title='bbox 1280 2022 1418 2062; x_wconf 85' lang='lat' dir='ltr'>despice</span> <span class='ocrx_word' id='word_1_243' title='bbox 1439 2023 1528 2055; x_wconf 82' lang='lat' dir='ltr'>cod.:</span> 
     </span>
     <span class='ocr_line' id='line_1_32' title="bbox 195 2065 1527 2110; baseline -0.002 -10"><span class='ocrx_word' id='word_1_244' title='bbox 195 2069 236 2105; x_wconf 86' lang='lat' dir='ltr'>(si</span> <span class='ocrx_word' id='word_1_245' title='bbox 255 2069 350 2110; x_wconf 79' lang='lat' dir='ltr'>mihi)</span> <span class='ocrx_word' id='word_1_246' title='bbox 367 2069 496 2099; x_wconf 79' lang='lat' dir='ltr'>arrides</span> <span class='ocrx_word' id='word_1_247' title='bbox 513 2078 537 2098; x_wconf 83' lang='lat' dir='ltr'>r.</span> <span class='ocrx_word' id='word_1_248' title='bbox 558 2069 600 2109; x_wconf 74' lang='lat'>(3)</span> <span class='ocrx_word' id='word_1_249' title='bbox 616 2067 722 2107; x_wconf 68' lang='lat' dir='ltr'>Goetz,</span> <span class='ocrx_word' id='word_1_250' title='bbox 741 2066 866 2098; x_wconf 78' lang='lat' dir='ltr'>Sclzoell</span> <span class='ocrx_word' id='word_1_251' title='bbox 995 2076 1060 2106; x_wconf 89' lang='lat'>902</span> <span class='ocrx_word' id='word_1_252' title='bbox 1085 2066 1158 2097; x_wconf 88' lang='lat' dir='ltr'>cibo</span> <span class='ocrx_word' id='word_1_253' title='bbox 1176 2065 1318 2106; x_wconf 80' lang='lat' dir='ltr'>Spengel</span> <span class='ocrx_word' id='word_1_254' title='bbox 1417 2065 1527 2108; x_wconf 83' lang='lat' dir='ltr'>&lt;opus</span> 
     </span>
     <span class='ocr_line' id='line_1_33' title="bbox 192 2109 1526 2155; baseline -0.003 -11"><span class='ocrx_word' id='word_1_255' title='bbox 192 2111 266 2155; x_wconf 87' lang='lat' dir='ltr'>est)</span> <span class='ocrx_word' id='word_1_256' title='bbox 282 2123 369 2153; x_wconf 88' lang='lat' dir='ltr'>quae</span> <span class='ocrx_word' id='word_1_257' title='bbox 387 2111 452 2142; x_wconf 77' lang='lat' dir='ltr'>Leo</span> <span class='ocrx_word' id='word_1_258' title='bbox 583 2122 647 2151; x_wconf 85' lang='lat'>903</span> <span class='ocrx_word' id='word_1_259' title='bbox 672 2112 737 2142; x_wconf 89' lang='lat' dir='ltr'>lact</span> <span class='ocrx_word' id='word_1_260' title='bbox 757 2110 872 2152; x_wconf 80' lang='lat' dir='ltr'>(lacte)</span> <span class='ocrx_word' id='word_1_261' title='bbox 900 2114 935 2140; x_wconf 90' lang='lat' dir='ltr'>ut</span> <span class='ocrx_word' id='word_1_262' title='bbox 959 2109 1120 2150; x_wconf 81' lang='lat' dir='ltr'>Seyffirt:</span> <span class='ocrx_word' id='word_1_263' title='bbox 1155 2114 1246 2140; x_wconf 88' lang='lat' dir='ltr'>actut</span> <span class='ocrx_word' id='word_1_264' title='bbox 1268 2109 1334 2141; x_wconf 82' lang='lat' dir='ltr'>cod.</span> <span class='ocrx_word' id='word_1_265' title='bbox 1357 2115 1456 2145; x_wconf 53' lang='lat' dir='ltr'>tattut</span> <span class='ocrx_word' id='word_1_266' title='bbox 1473 2110 1526 2142; x_wconf 86' lang='lat' dir='ltr'>B:</span> 
     </span>
     <span class='ocr_line' id='line_1_34' title="bbox 189 2153 1526 2195; baseline -0.002 -7"><span class='ocrx_word' id='word_1_267' title='bbox 189 2161 303 2188; x_wconf 88' lang='lat' dir='ltr'>actute</span> <span class='ocrx_word' id='word_1_268' title='bbox 319 2155 410 2195; x_wconf 82' lang='lat' dir='ltr'>PCD)</span> <span class='ocrx_word' id='word_1_269' title='bbox 499 2155 621 2192; x_wconf 77' lang='lat' dir='ltr'>lagiter</span> <span class='ocrx_word' id='word_1_270' title='bbox 636 2155 702 2187; x_wconf 86' lang='lat' dir='ltr'><strong><em>cod.</em></strong></span> <span class='ocrx_word' id='word_1_271' title='bbox 837 2165 901 2194; x_wconf 82' lang='lat'>904</span> <span class='ocrx_word' id='word_1_272' title='bbox 926 2159 1026 2193; x_wconf 83' lang='lat' dir='ltr'>opust</span> <span class='ocrx_word' id='word_1_273' title='bbox 1044 2153 1135 2192; x_wconf 89' lang='lat' dir='ltr'>ligno</span> <span class='ocrx_word' id='word_1_274' title='bbox 1155 2153 1308 2184; x_wconf 76' lang='lat' dir='ltr'>Gutetus:</span> <span class='ocrx_word' id='word_1_275' title='bbox 1334 2154 1465 2193; x_wconf 84' lang='lat' dir='ltr'>opustic</span> <span class='ocrx_word' id='word_1_276' title='bbox 1482 2164 1526 2185; x_wconf 90' lang='lat' dir='ltr'>no</span> 
     </span>
     <span class='ocr_line' id='line_1_35' title="bbox 190 2197 1523 2241; baseline -0.004 -9"><span class='ocrx_word' id='word_1_277' title='bbox 190 2200 292 2240; x_wconf 89' lang='lat' dir='ltr'>(opus</span> <span class='ocrx_word' id='word_1_278' title='bbox 310 2200 383 2231; x_wconf 88' lang='lat' dir='ltr'>istic</span> <span class='ocrx_word' id='word_1_279' title='bbox 402 2210 466 2230; x_wconf 92' lang='lat' dir='ltr'>non</span> <span class='ocrx_word' id='word_1_280' title='bbox 486 2199 575 2241; x_wconf 83' lang='lat' dir='ltr'>PCD)</span> <span class='ocrx_word' id='word_1_281' title='bbox 587 2199 653 2230; x_wconf 88' lang='lat' dir='ltr'>cod.</span> <span class='ocrx_word' id='word_1_282' title='bbox 743 2208 807 2238; x_wconf 88' lang='lat'>905</span> <span class='ocrx_word' id='word_1_283' title='bbox 826 2198 937 2229; x_wconf 85' lang='lat' dir='ltr'>fasciis</span> <span class='ocrx_word' id='word_1_284' title='bbox 954 2197 1028 2229; x_wconf 83' lang='lat' dir='ltr'>Ital.</span> <span class='ocrx_word' id='word_1_285' title='bbox 1044 2209 1050 2228; x_wconf 76' lang='grc' dir='ltr'>ε</span> <span class='ocrx_word' id='word_1_286' title='bbox 1076 2197 1183 2227; x_wconf 87' lang='lat' dir='ltr'>salciis</span> <span class='ocrx_word' id='word_1_287' title='bbox 1199 2197 1266 2228; x_wconf 86' lang='lat' dir='ltr'>cod.</span> <span class='ocrx_word' id='word_1_288' title='bbox 1282 2197 1414 2235; x_wconf 79' lang='lat' dir='ltr'>(faciliis</span> <span class='ocrx_word' id='word_1_289' title='bbox 1433 2197 1523 2232; x_wconf 74' lang='lat' dir='ltr'>FCD)</span> 
     </span>
     <span class='ocr_line' id='line_1_36' title="bbox 188 2240 1520 2284; baseline -0.002 -9"><span class='ocrx_word' id='word_1_290' title='bbox 188 2246 254 2284; x_wconf 90' lang='lat'>906</span> <span class='ocrx_word' id='word_1_291' title='bbox 269 2245 344 2276; x_wconf 89' lang='lat' dir='ltr'>oleo</span> <span class='ocrx_word' id='word_1_292' title='bbox 361 2243 503 2284; x_wconf 76' lang='lat' dir='ltr'>Spengel</span> <span class='ocrx_word' id='word_1_293' title='bbox 569 2247 670 2283; x_wconf 89' lang='lat' dir='ltr'>opust</span> <span class='ocrx_word' id='word_1_294' title='bbox 685 2242 761 2273; x_wconf 84' lang='lat' dir='ltr'><em>add.</em></span> <span class='ocrx_word' id='word_1_295' title='bbox 777 2242 949 2273; x_wconf 77' lang='lat' dir='ltr'>Buecheler</span> <span class='ocrx_word' id='word_1_296' title='bbox 1014 2251 1140 2281; x_wconf 87' lang='lat' dir='ltr'>puerus</span> <span class='ocrx_word' id='word_1_297' title='bbox 1155 2241 1270 2281; x_wconf 77' lang='lat' dir='ltr'>scripsi</span> <span class='ocrx_word' id='word_1_298' title='bbox 1286 2240 1406 2281; x_wconf 82' lang='lat' dir='ltr'><em>(Harv.</em></span> <span class='ocrx_word' id='word_1_299' title='bbox 1421 2241 1520 2272; x_wconf 74' lang='lat' dir='ltr'><em>Stud.</em></span> 
     </span>
     <span class='ocr_line' id='line_1_37' title="bbox 188 2284 1521 2328; baseline -0.003 -10"><span class='ocrx_word' id='word_1_300' title='bbox 188 2299 220 2328; x_wconf 81' lang='lat'>9,</span> <span class='ocrx_word' id='word_1_301' title='bbox 247 2288 321 2327; x_wconf 79' lang='lat'>131)</span> <span class='ocrx_word' id='word_1_302' title='bbox 341 2299 348 2318; x_wconf 91' lang='lat'>:</span> <span class='ocrx_word' id='word_1_303' title='bbox 373 2297 474 2327; x_wconf 86' lang='lat' dir='ltr'>purus</span> <span class='ocrx_word' id='word_1_304' title='bbox 491 2286 579 2318; x_wconf 84' lang='lat' dir='ltr'>cod.:</span> <span class='ocrx_word' id='word_1_305' title='bbox 614 2297 716 2327; x_wconf 85' lang='lat' dir='ltr'>porro</span> <span class='ocrx_word' id='word_1_306' title='bbox 741 2296 827 2326; x_wconf 91' lang='lat' dir='ltr'>opus</span> <span class='ocrx_word' id='word_1_307' title='bbox 854 2285 1029 2316; x_wconf 77' lang='lat' dir='ltr'>Buecltelcr</span> <span class='ocrx_word' id='word_1_308' title='bbox 1165 2294 1229 2324; x_wconf 89' lang='lat'>907</span> <span class='ocrx_word' id='word_1_309' title='bbox 1245 2284 1328 2323; x_wconf 62' lang='lat' dir='ltr'>som.</span> <span class='ocrx_word' id='word_1_310' title='bbox 1353 2285 1432 2315; x_wconf 79' lang='lat' dir='ltr'>ordo</span> <span class='ocrx_word' id='word_1_311' title='bbox 1455 2295 1521 2315; x_wconf 86' lang='lat' dir='ltr'>ver-</span> 
     </span>
     <span class='ocr_line' id='line_1_38' title="bbox 188 2328 1522 2370; baseline -0.001 -8"><span class='ocrx_word' id='word_1_312' title='bbox 188 2332 308 2362; x_wconf 88' lang='lat' dir='ltr'>borum</span> <span class='ocrx_word' id='word_1_313' title='bbox 341 2330 534 2370; x_wconf 73' lang='lat' dir='ltr'>mutandus,</span> <span class='ocrx_word' id='word_1_314' title='bbox 566 2341 647 2361; x_wconf 85' lang='lat' dir='ltr'>nam</span> <span class='ocrx_word' id='word_1_315' title='bbox 682 2341 736 2361; x_wconf 89' lang='lat' dir='ltr'>nec</span> <span class='ocrx_word' id='word_1_316' title='bbox 764 2331 852 2365; x_wconf 46' lang='lat' dir='ltr'>dasieB</span> <span class='ocrx_word' id='word_1_317' title='bbox 882 2329 942 2360; x_wconf 88' lang='lat' dir='ltr'>ecs.</span> <span class='ocrx_word' id='word_1_318' title='bbox 979 2340 1035 2359; x_wconf 83' lang='lat' dir='ltr'>nec</span> <span class='ocrx_word' id='word_1_319' title='bbox 1064 2330 1118 2359; x_wconf 85' lang='lat' dir='ltr'>die</span> <span class='ocrx_word' id='word_1_320' title='bbox 1149 2328 1278 2359; x_wconf 65' lang='lat' dir='ltr'>ecficia.</span> <span class='ocrx_word' id='word_1_321' title='bbox 1312 2330 1394 2358; x_wconf 62' lang='lat' dir='ltr'>satis</span> <span class='ocrx_word' id='word_1_322' title='bbox 1418 2329 1522 2370; x_wconf 81' lang='lat' dir='ltr'>placet</span> 
     </span>
     <span class='ocr_line' id='line_1_39' title="bbox 189 2373 1204 2417; baseline -0.003 -10"><span class='ocrx_word' id='word_1_323' title='bbox 189 2377 254 2415; x_wconf 88' lang='lat'>908</span> <span class='ocrx_word' id='word_1_324' title='bbox 278 2385 412 2417; x_wconf 85' lang='lat' dir='ltr'>possum</span> <span class='ocrx_word' id='word_1_325' title='bbox 431 2374 495 2406; x_wconf 83' lang='lat' dir='ltr'><em>cod.</em></span> <span class='ocrx_word' id='word_1_326' title='bbox 588 2375 696 2406; x_wconf 85' lang='lat' dir='ltr'>dauco</span> <span class='ocrx_word' id='word_1_327' title='bbox 713 2373 863 2415; x_wconf 64' lang='lat' dir='ltr'>Sejff’rt:</span> <span class='ocrx_word' id='word_1_328' title='bbox 890 2379 925 2404; x_wconf 91' lang='lat' dir='ltr'>ut</span> <span class='ocrx_word' id='word_1_329' title='bbox 942 2374 1052 2403; x_wconf 85' lang='lat' dir='ltr'>auium</span> <span class='ocrx_word' id='word_1_330' title='bbox 1071 2373 1204 2404; x_wconf 78' lang='lat' dir='ltr'>Falmcr</span> 
     </span>
    </p>
   </div>
  </div>
 </body>
</html>
