1747 2740
43 519 129 565 1385

41 856 130 892 1390

39 1249 126 1287 1395

41 1706 129 1740 1400

666 141 960 180 POENVLVS
1433 138 1480 174 V.
1502 135 1564 173 vii

203 257 270 308 qui
292 258 410 296 hasce
430 255 520 295 emi.
578 256 652 293 AG.
687 254 724 292 e‘t
746 262 829 292 tute
851 253 933 303 ipse
954 252 1112 303 periisti,
1137 253 1253 302 Lyce.

204 325 285 362 HA.
317 322 405 373 quis
426 321 489 360 hic
510 322 600 360 est?
657 322 732 358 AG.
756 318 949 358 utrumuis
971 326 1040 365 est,
1060 319 1122 357 uel
1145 320 1235 357 leno
1257 319 1319 356 uel
1343 319 1482 367 Lycus.

203 388 243 426 in
264 387 451 427 seruitute
472 386 536 425 hic
558 385 656 424 filias
678 385 816 424 habuit
839 392 936 430 tuas,

204 460 243 491 et
263 452 316 490 mi
336 451 419 490 auri
439 453 499 489 fur
519 458 587 489 est.
650 452 730 488 HA.
756 450 904 488 bellum
928 448 1144 495 hominem,
1164 462 1282 498 quem
1305 447 1461 486 noueris
1479 449 1486 485 t

204 520 336 555 ΑΝΤΑ.
369 518 470 563 leno,
493 529 675 566 rapacem
697 523 735 554 te
757 528 842 553 esse
864 528 1019 565 semper
1039 513 1200 560 credidi,

202 596 339 621 uerum
360 581 478 620 etiam
500 582 672 620 furacem
695 579 841 633 (aiunt)
863 579 930 631 qui
952 587 1096 617 norunt
1119 578 1250 629 magis.

203 649 272 685 Lv.
304 647 503 685 accedam.
563 660 631 697 per
652 659 725 696 ego
746 653 784 684 te
805 653 872 684 tua
892 653 930 684 te
950 658 1079 695 genua
1098 657 1264 694 opsecro

201 720 239 752 et
260 714 376 760 hunc,
401 719 614 762 cognatum
638 725 757 762 quem
781 718 891 750 tuom
913 724 999 749 esse
1020 710 1206 759 intellego
1225 724 1232 748 :

201 779 364 829 quando
384 777 480 817 boni
500 777 604 825 estis,
628 785 670 815 ut
692 778 820 816 bonos
841 778 968 815 facere
988 777 1157 814 addecet

202 843 341 884 †facite
362 847 425 882 et†
446 851 580 882 uostro
601 842 845 882 subueniatis
867 841 1044 892 supplici.

200 909 277 948 iam
298 910 450 960 pridem
472 908 659 959 equidem
681 908 773 946 istas
795 921 880 946 esse
901 907 998 945 sciui
1019 906 1160 945 liberas

199 983 237 1014 et
258 976 536 1026 exspectabam
558 974 589 1013 si
610 974 677 1025 qui
699 988 764 1013 eas
786 975 982 1012 adsereret
1006 986 1135 1011 manu.

201 1054 292 1079 nam
321 1055 432 1080 meae
451 1039 558 1093 (eae)
588 1053 749 1091 prosum
783 1053 863 1078 non
897 1046 998 1077 sunt.
1061 1046 1144 1076 tum
1180 1045 1312 1076 autem
1348 1050 1485 1076 aurum

1375 1111 1486 1141 tuom

201 1173 364 1212 reddam
386 1173 495 1222 quod
515 1172 622 1223 apud
644 1185 707 1210 me
728 1178 786 1210 est
807 1178 845 1209 et
867 1170 1139 1209 iusiurandum
1160 1169 1266 1209 dabo

202 1251 266 1276 me
286 1237 480 1276 malitiose
500 1237 598 1275 nihil
620 1236 770 1284 fecisse,
787 1237 1075 1287 Agorastocles.

201 1305 277 1341 AG.
309 1302 406 1353 quid
427 1302 524 1341 mihi
543 1316 613 1353 par
633 1303 761 1340 facere
781 1301 830 1340 sit
851 1315 942 1340 cum
965 1314 1028 1339 me
1049 1308 1206 1351 egomet
1227 1301 1442 1339 consulam.

201 1367 340 1407 omitte
359 1381 498 1419 genua.
559 1369 630 1407 Lv.
663 1367 787 1415 mitto,
811 1367 842 1405 si
864 1366 917 1405 ita
937 1365 1133 1405 sententia
1153 1373 1221 1404 est.

147 1499 279 1535 ΑΝΤΑ.
303 1497 400 1535 heus
421 1504 463 1535 tu
484 1498 574 1535 leno
592 1499 598 1534 ἔ
639 1497 710 1534 LY.
733 1494 831 1546 quid
852 1496 1038 1534 lenonem
1062 1494 1121 1532 uis
1137 1493 1237 1532 inter
1253 1493 1486 1544 negotium?

146 1564 278 1600 ΑΝΤΑ.
311 1569 354 1600 ut
380 1561 529 1600 minam
554 1561 608 1599 mi
634 1560 785 1612 argenti
813 1561 954 1600 reddas
983 1559 1080 1610 priu'
1101 1573 1220 1610 quam
1249 1559 1289 1597 in
1319 1572 1484 1597 neruom

1272 1626 1480 1664 abducere.

149 1695 218 1732 ΙΝ.
250 1694 290 1733 di
313 1693 474 1732 meliora
494 1693 615 1732 faxint
635 1697 641 1731 l
699 1695 831 1731 ΑΝΤΑ.
865 1692 920 1730 sic
942 1699 1026 1731 esto
1047 1707 1053 1730 :
1084 1692 1174 1730 ideo
1196 1691 1356 1730 cenabis
1378 1690 1480 1729 foris.

147 1773 296 1807 aurum,
319 1767 536 1810 argentum,
559 1760 717 1806 collum,
740 1761 842 1806 leno,
866 1758 933 1796 tris
954 1771 1013 1796 res
1035 1771 1141 1795 nunc
1162 1757 1284 1796 debes
1306 1758 1442 1796 semul.

150 1827 231 1864 ΗΑ.
290 1825 386 1876 quid
435 1826 526 1864 med
574 1826 648 1864 hac
695 1839 735 1863 re
778 1826 905 1863 facere
948 1825 1086 1862 deceat
1130 1829 1286 1872 egomet
1325 1836 1481 1861 mecum

1339 1888 1479 1937 cogito.

194 1979 272 2019 1381
299 1979 387 2020 tute]
413 1984 448 2010 tu
472 1978 506 2009 P
660 1980 852 2018 1382—1419
869 1977 1000 2009 deestA
1162 1976 1287 2015 1382-4
1308 1975 1357 2015 (cf
1380 1984 1482 2013 1333-

147 2023 181 2063 5)
366 2024 447 2063 1382
487 2028 538 2054 est
571 2023 706 2054 nouelle
733 2022 933 2061 nouellycus
963 2021 1053 2052 cod:
1095 2031 1172 2051 corr.
1207 2018 1344 2059 Lipsius
1382 2029 1420 2048 ex
1452 2029 1480 2049 v.

150 2077 231 2107 1333
326 2068 410 2106 1386
423 2066 560 2109 (aiunt)
571 2067 656 2097 Brsx
736 2068 816 2106 1387
829 2076 893 2105 ego
909 2070 1012 2097 tuate
1024 2065 1183 2104 Kaempf:
1203 2074 1267 2101 ego
1282 2068 1315 2093 te
1329 2068 1384 2092 tua
1398 2063 1481 2092 haec

146 2111 270 2143 Pradel
333 2110 591 2154 (or0>0bsecro
606 2111 738 2152 Gepper!
832 2120 914 2149 1390
933 2109 1069 2140 facitote
1091 2114 1124 2139 et
1141 2108 1244 2138 Bothe
1259 2118 1265 2137 :
1290 2108 1346 2137 vix
1362 2106 1481 2136 saciate

146 2160 180 2186 et
197 2156 249 2195 (cf.
271 2155 318 2186 ad
330 2167 357 2187 v.
377 2157 409 2194 5l
427 2166 433 2185 :
460 2155 589 2186 faciatis
604 2156 683 2193 (om.
699 2160 732 2185 et
760 2152 825 2184 Leo
841 2165 847 2184 z
875 2153 975 2183 facite
994 2158 1029 2183 ut
1046 2151 1153 2194 (uos)
1168 2152 1303 2191 Hasper
1399 2159 1476 2189 1391

145 2200 228 2230 sciui
247 2209 323 2231 esse
341 2199 407 2230 cod.
425 2211 431 2230 ;
457 2200 529 2230 trai.
551 2199 653 2229 Bothe
771 2208 852 2236 1392
877 2207 1013 2227 manum
1031 2196 1095 2227 cod.
1217 2206 1297 2234 1393
1323 2205 1383 2224 eae
1400 2193 1476 2224 add.

149 2242 286 2284 Geppert
410 2244 493 2282 1396
516 2243 596 2283 quid
614 2242 769 2282 Hasper:
792 2242 882 2280 quod
902 2241 967 2271 cod.
1060 2250 1159 2279 quom
1186 2241 1334 2278 ‘antiqua
1343 2239 1477 2278 somna)

146 2292 283 2326 egomet
299 2287 392 2318 PBG:
409 2287 579 2326 quomodo
597 2291 731 2326 egomet
753 2284 783 2315 T
873 2295 953 2324 ¹397
975 2283 1041 2314 HA.
1057 2284 1175 2313 omitte
1188 2282 1260 2312 ΡΟ)
1342 2293 1424 2321 1399
1443 2286 1478 2312 ut

146 2332 269 2362 minam
287 2333 330 2362 mi
343 2331 473 2370 argenti
487 2330 639 2370 Seyffirt:
664 2329 789 2360 utinam
804 2329 882 2358 mihi
897 2333 1075 2366 argentum
1089 2327 1154 2357 cod.
1254 2337 1335 2365 1400
1353 2326 1478 2356 saxsint

147 2378 184 2404 ut
199 2374 262 2406 vid.
280 2375 345 2406 cod.
439 2380 512 2405 esto
533 2374 665 2414 scripsi:
690 2378 763 2403 estu
789 2371 875 2403 sod:
902 2379 964 2405 est,
986 2376 1020 2401 tu
1039 2370 1172 2410 Hasper
1260 2370 1353 2411 ideo]
1379 2370 1478 2400 hodie

147 2418 378 2458 Hosper.sort.
400 2423 475 2448 recte
589 2426 666 2455 1401
694 2427 729 2448 re
747 2416 811 2447 cod.
908 2426 988 2455 1402
1015 2426 1066 2444 me
1089 2415 1145 2453 xila
1162 2413 1271 2454 codd.)
1288 2413 1366 2456 (in)
1385 2413 1473 2453 Ra‘z,

150 2461 285 2504 Geppert

1508 265 1547 288 10

1507 587 1544 619 15

1507 919 1547 942 20

1504 1768 1543 1798 30
