1747 2740
182 103 211 140 I.
234 103 278 140 iii
651 105 697 142 T.
732 105 912 144 MACCI
944 106 1148 144 PLAVTI

197 228 214 259 5
236 216 298 253 SC.
330 214 455 253 nihilo
484 216 571 265 plus
602 229 720 266 quam
751 215 897 254 lauatio
926 223 993 255 tua
1021 218 1072 255 ad
1106 217 1277 255 messim.
1338 219 1511 257 PH1LOL.
1543 231 1568 256 o

1239 285 1367 321 Venu'
1388 291 1568 331 uenusta,

234 348 334 386 haee
354 347 418 386 illa
439 354 497 385 est
518 354 730 398 tempestas
752 362 850 395 mea,
874 347 971 386 mihi
992 362 1095 398 quae
1116 349 1352 387 modestiam
1375 363 1536 388 omnem

233 412 391 459 detexit,
415 420 542 451 tectus
563 427 641 463 qua
661 413 729 461 fui,
750 427 873 463 quom
895 412 991 451 mihi
1013 415 1138 451 Amor
1157 422 1196 452 et
1217 414 1377 465 Cupido

234 477 273 516 in
312 485 449 528 pectus
488 478 657 528 perpluit
697 492 840 525 meum,
878 492 1008 528 neque
1047 478 1125 517 iam
1163 492 1354 530 umquam
1393 480 1568 531 optigere

1380 559 1542 596 possum
1561 562 1568 585 :

234 610 396 648 madent
417 609 494 647 iam
516 609 555 647 in
576 610 695 647 corde
717 608 894 659 parietes,
918 608 1067 659 periere
1087 610 1186 649 haec
1205 610 1357 661 oppido
1376 612 1506 650 aedes.
1592 615 1652 660 165

176 686 215 708 10
235 675 416 712 PfflLEM.
449 675 686 724 contempla,
718 674 873 721 amabo,
906 687 995 713 mea
1028 676 1198 725 Scapha,
1227 676 1328 714 satin
1367 677 1465 715 haec
1504 689 1568 714 me

1274 741 1394 780 uestis
1415 743 1564 781 deceat.

233 806 326 843 uolo
348 804 411 844 me
431 807 585 855 placere
608 804 837 851 Philolachi,
861 818 952 844 meo
972 807 1112 853 ocello,
1136 819 1226 845 meo
1246 814 1423 857 patrono.

233 871 295 908 Sc.
328 870 423 920 quin
445 878 486 908 tu
503 877 541 908 te
557 883 721 908 exornas
738 869 914 909 moribus
935 870 1087 921 lepidis,
1107 884 1230 921 quom
1251 872 1384 923 lepida
1402 880 1485 912 tute
1501 875 1566 912 es?

232 948 313 974 non
335 944 485 974 uestem
505 943 701 974 amatores
722 943 857 973 amant
878 935 1052 984 mulieri',
1076 938 1148 975 sed
1169 936 1289 976 uestis
1310 937 1449 976 fartim.

232 1001 404 1039 PfflLOL.
438 1000 490 1038 ita
524 1014 587 1039 me
622 1000 662 1039 di
696 1008 841 1047 ament,
873 1000 1042 1051 lepidast
1072 1002 1239 1053 Scapha,
1271 1002 1372 1054 sapit
1401 1005 1566 1043 scelesta
1589 1016 1656 1051 170

1384 1071 1562 1109 multum.

175 1145 210 1178 15
232 1138 274 1170 ut
295 1131 426 1182 lepide
443 1145 503 1170 res
523 1130 653 1170 omnis
675 1135 783 1169 tenet
803 1130 1099 1181 sententiasque
1119 1138 1322 1170 amantum
1339 1134 1347 1170 l

232 1198 414 1235 PHILEM.
450 1197 547 1246 quid
586 1197 722 1234 nunc?
778 1197 840 1234 Sc.
873 1196 970 1245 quid
1009 1197 1097 1234 est?
1154 1198 1335 1234 PHILEM.
1367 1196 1463 1247 quin
1501 1210 1567 1236 me

689 1260 821 1311 aspice
842 1268 880 1299 et
901 1262 1129 1310 contempla
1149 1269 1190 1299 ut
1212 1262 1309 1300 haec
1331 1275 1393 1300 me
1414 1263 1563 1300 deceat.

231 1329 292 1366 SC.
325 1327 468 1366 uirtute
488 1326 627 1366 formai
651 1324 724 1379 [id]
747 1325 880 1365 euenit
901 1333 938 1364 te
960 1334 1002 1364 ut
1024 1327 1163 1364 deceat
1184 1325 1381 1376 quidquid
1405 1327 1563 1365 habeas.

231 1394 403 1431 PHILOL.
436 1406 528 1442 ergo
567 1392 620 1430 ob
659 1391 758 1430 istoc
796 1391 963 1430 uerbum
1002 1398 1051 1438 te,
1088 1391 1255 1441 Scapha,
1291 1391 1454 1430 donabo
1492 1405 1565 1442 ego

1269 1456 1565 1506 hodie—aliqui

231 1537 361 1573 neque
382 1522 506 1573 patiar
526 1530 564 1561 te
586 1522 710 1560 istanc
730 1521 862 1573 gratiis
883 1522 1076 1569 laudasse,
1100 1535 1202 1572 quae
1223 1522 1351 1572 placet
1373 1521 1436 1560 mi.
1589 1530 1652 1567 175

172 1603 214 1628 20
233 1591 415 1628 PmLEM.
447 1589 541 1626 nolo
571 1601 644 1638 ego
674 1595 711 1626 te
737 1586 934 1626 adsentari
964 1586 1071 1630 mihi.
1133 1588 1194 1625 Sc.
1228 1586 1334 1625 nirni’
1360 1587 1566 1637 tuquidem

1216 1654 1335 1691 stulta
1353 1666 1395 1691 es
1417 1652 1564 1691 mulier.

231 1722 320 1768 eho,
343 1719 468 1758 mauis
489 1719 744 1769 uituperarier
764 1720 862 1759 salso
883 1733 1003 1770 quam
1025 1732 1120 1758 uero
1141 1718 1304 1757 extolli?

231 1785 416 1836 equidem
437 1786 504 1835 pol
525 1787 587 1823 uel
608 1786 706 1823 falso
727 1792 859 1822 tamen
880 1784 1029 1823 laudari
1052 1785 1178 1822 multo
1198 1785 1304 1822 malo

231 1865 350 1902 quam
372 1864 465 1889 uero
486 1849 634 1900 culpari
654 1858 722 1888 aut
743 1863 871 1888 meam
893 1849 1065 1900 speciem
1087 1849 1184 1888 alios
1205 1849 1385 1888 inridere.
1588 1853 1719 1897 179-80

233 1920 413 1956 PH1LEM.
446 1930 519 1967 ego
544 1930 681 1956 uerum
706 1930 809 1964 amo,
833 1930 969 1955 uerum
993 1918 1086 1955 uolo
1113 1916 1191 1955 dici
1222 1916 1297 1955 mi:
1329 1918 1563 1956 mendacem

1486 1983 1564 2025 odi.

281 2089 341 2126 163
366 2093 542 2127 tectusque
559 2087 624 2119 cod.
643 2087 737 2129 (corr.
759 2086 820 2127 32)
893 2097 994 2127 quom
1014 2087 1159 2119 Ritscld:
1185 2097 1284 2128 quam
1303 2087 1381 2127 md„
1391 2089 1475 2130 fhrt.
1491 2091 1568 2119 recte

236 2133 294 2171 164
319 2130 499 2171 optingere
516 2131 582 2163 cod.
698 2133 757 2170 167
783 2142 836 2162 me
857 2131 977 2162 Bothe:
1004 2141 1079 2161 mco
1102 2131 1167 2162 cod.
1262 2131 1480 2172 philolacheti
1497 2131 1562 2163 cod.

238 2177 298 2207 168
321 2176 401 2214 quid
419 2181 454 2206 tu
472 2180 505 2206 te
522 2186 590 2212 ex..
611 2185 674 2207 mo.
695 2175 761 2215 lep.
782 2184 882 2215 quom
901 2174 1013 2207 Bothe.
1035 2174 1260 2215 Ritscl1l,sort.
1282 2180 1357 2206 recte
1506 2186 1567 2214 170

235 2219 377 2259 lepidast
392 2219 566 2250 Gruterus:
585 2219 696 2259 lepida
707 2218 774 2250 cod.
786 2219 846 2258 (iii.
860 2219 894 2258 3)
991 2229 1044 2257 171
1066 2230 1095 2249 o.
1112 2229 1222 2249 mores
1233 2219 1351 2260 Bergk:
1372 2228 1402 2250 o.
1417 2229 1471 2250 res
1481 2219 1566 2250 cod.:

236 2273 290 2294 res
306 2264 413 2293 omnis
433 2263 643 2293 Camerarius
744 2273 803 2302 172
828 2263 946 2293 deceat
965 2262 1176 2292 Camerarius
1192 2274 1198 2293 ε
1224 2263 1321 2294 decet
1337 2261 1401 2293 cod.
1508 2272 1566 2302 173

237 2307 363 2337 formae
376 2307 408 2336 id
423 2306 486 2337 cod.
504 2318 510 2337 ε
535 2307 566 2336 id
584 2306 642 2337 del.
662 2307 699 2344 gl*
715 2305 791 2344 Leo,
807 2316 888 2336 nam
899 2306 986 2335 elisio
1002 2306 1141 2345 syllabae
1159 2316 1213 2336 -ae
1232 2307 1265 2336 in
1273 2306 1420 2346 genetivo
1429 2305 1569 2346 displicet

242 2361 299 2390 174
325 2350 411 2380 istuc
432 2350 540 2380 Bri-v:
573 2351 637 2380 hoc
661 2349 727 2381 cod.
756 2351 834 2389 (pro
858 2350 921 2380 iste
947 2350 1029 2380 hoc.³
1053 2350 1090 2388 cf.
1114 2360 1141 2379 v.
1168 2359 1226 2389 175
1252 2350 1338 2380 hanc
1358 2354 1419 2390 pro
1443 2350 1567 2391 istanc)

236 2395 292 2425 vix
309 2395 410 2424 hodie
563 2404 622 2433 175
648 2393 771 2434 istanc]
789 2394 876 2424 hanc
894 2392 966 2422 pet>
1105 2395 1164 2433 176
1187 2393 1322 2434 quidem
1340 2398 1373 2424 tu
1393 2393 1465 2424 ΡΠ)
