1747 2740
596 132 767 170 MILES
799 131 1114 170 GLORIOSVS

105 255 168 292 115
189 254 262 292 ego
282 248 474 292 quantum
497 241 611 281 uiuos
632 255 794 293 possum
817 242 913 280 mihi
935 255 1078 281 nauem
1100 255 1206 293 paro,

189 307 390 354 inscendo,
415 314 456 345 ut
477 320 565 345 eam
586 321 666 345 rem
690 309 943 358 Naupactum
965 309 1016 347 ad
1038 322 1147 347 erum
1169 307 1359 347 nuntiem.

188 371 255 410 ubi
276 373 402 410 sumu'
422 372 599 422 prouecti
621 372 659 410 in
680 374 814 420 altum,
839 374 881 412 fit
902 375 1010 423 quod
1031 372 1107 425 (di)
1126 374 1277 419 uolunt,

188 436 347 487 capiunt
368 439 588 487 praedones
610 451 753 476 nauem
776 438 881 476 illam
904 439 970 478 ubi
992 447 1130 478 uectus
1151 439 1229 476 fui:

186 502 283 552 priu'
304 502 398 553 perii
420 516 539 553 quam
560 504 612 541 ad
633 516 742 541 erum
769 504 860 542 ueni
882 518 962 554 quo
983 504 1036 543 ire
1057 517 1302 553 occeperam.

104 579 168 604 120
187 567 238 605 ill'
257 567 361 621 (qui)
381 582 444 607 me
464 568 569 618 cepit
589 569 657 607 dat
679 582 742 607 me
763 569 854 608 huic
876 571 985 608 dono
1006 569 1129 608 militi.

188 631 251 669 hic
271 639 483 681 postquam
504 632 545 669 in
564 632 675 671 aedis
696 646 760 671 me
780 634 831 671 ad
852 646 893 671 se
914 633 1077 671 deduxit
1099 634 1277 680 domum,

187 696 306 735 uideo
328 696 432 734 illam
453 697 624 735 amicam
646 697 792 744 erilem,
817 697 985 736 Athenis
1006 711 1108 748 quae
1130 698 1210 736 suit.

187 761 254 800 ubi
275 769 411 800 contra
430 762 581 812 aspexit
602 776 677 808 me,
700 762 824 801 oculis
847 762 943 800 mihi
963 763 1118 813 signum
1140 762 1251 802 dedit

187 841 236 866 ne
257 840 298 866 se
318 829 558 877 appellarem
573 842 583 876 ,·
613 828 770 876 deinde,
795 836 1004 879 postquam
1027 828 1184 867 occasio
1201 836 1270 875 est,

102 908 164 945 125
186 892 440 942 conqueritur
459 906 618 931 mecum
639 893 780 932 mulier
800 895 975 932 fortunas
997 907 1086 932 suas
1104 908 1111 932 ε

184 957 239 996 ait
258 957 344 996 sese
365 959 544 996 Athenas
565 960 698 1008 fugere
719 972 862 1009 cupere
883 972 930 998 ex
951 949 1024 998 hac
1046 960 1181 1007 domu,

185 1036 271 1062 sese
291 1023 401 1062 illum
422 1037 554 1062 amare
575 1038 708 1063 meum
729 1038 851 1072 erum,
874 1025 1042 1063 Athenis
1064 1025 1131 1075 qui
1152 1025 1233 1072 fuit,

186 1102 315 1140 neque
336 1089 447 1139 peius
469 1103 711 1140 quemquam
733 1090 865 1129 odisse
886 1104 1005 1141 quam
1027 1090 1145 1129 istum
1167 1091 1346 1130 militem.

185 1168 259 1205 ego
279 1155 469 1205 quoniam
490 1155 642 1205 inspexi
663 1155 836 1195 mulieris
857 1156 1104 1204 sententiam,

101 1232 167 1268 130
185 1220 272 1271 cepi
294 1221 468 1268 tabellas,
491 1221 734 1271 consignaui,
758 1223 983 1260 clanculum

185 1286 278 1325 dedi
299 1285 505 1324 mercatori
526 1286 716 1336 quoidam
738 1287 805 1337 qui
825 1289 877 1326 ad
898 1287 1007 1326 illum
1029 1288 1179 1326 deferat

184 1365 317 1390 meum
339 1365 460 1399 erum,
483 1352 551 1402 qui
572 1352 740 1391 Athenis
762 1354 896 1400 fuerat,
921 1353 988 1403 qui
1009 1355 1112 1391 hanc
1133 1361 1348 1402 amauerat‚

184 1424 226 1455 ut
246 1417 278 1455 is
299 1418 376 1455 huc
397 1417 559 1456 ueniret.
618 1417 650 1456 is
672 1432 752 1457 non
773 1418 920 1468 spreuit
942 1418 1151 1466 nuntium;

184 1497 276 1522 nam
298 1491 336 1522 et
356 1483 465 1522 uenit
486 1491 524 1523 et
544 1484 576 1522 is
597 1483 637 1522 in
658 1498 852 1535 proxumo
873 1484 936 1522 hic
957 1484 1177 1522 deuortitur

101 1559 162 1596 135
183 1549 290 1599 apud
311 1551 425 1587 suom
446 1556 653 1598 paternum
683 1549 686 1601 Ι
713 1549 921 1599 hospitem,
946 1549 1123 1599 lepidum
1146 1563 1308 1598 senem,-

184 1613 316 1663 itaque
337 1613 391 1651 illi
410 1614 558 1651 amanti
581 1627 652 1652 suo
674 1614 818 1664 hospiti
840 1628 989 1652 morem
1011 1614 1108 1665 gerit

183 1691 336 1727 nosque
356 1692 475 1728 opera
495 1679 741 1728 consilioque
761 1680 1000 1726 adhortatur,
1025 1679 1145 1717 iuuat.

184 1743 315 1793 itaque
336 1757 408 1793 ego
425 1744 558 1794 paraui
580 1744 644 1782 hic
665 1744 769 1782 intus
790 1758 952 1795 magnas
973 1745 1176 1783 machinas

184 1808 251 1859 qui
271 1808 439 1847 amantis
460 1823 538 1847 una
560 1809 659 1847 inter
683 1823 724 1848 se
745 1811 911 1848 facerem
935 1823 1147 1849 conuenas.

99 1888 164 1922 ¹40
184 1887 274 1911 nam
296 1888 419 1912 unum
440 1876 641 1920 conclaue,
665 1874 913 1913 concubinae
934 1876 1044 1925 quod
1065 1876 1173 1914 dedit

182 1939 305 1987 miles,
327 1953 408 1991 quo
430 1953 548 1979 nemo
569 1940 642 1978 nisi
664 1954 782 1990 eapse
802 1940 959 1979 inferret
980 1942 1136 1991 pedem,

1545 131 1598 170 II.
1619 131 1634 168 i

1543 455 1585 486 40

1541 781 1585 813 45

1545 1108 1586 1139 50

1537 1751 1581 1783 60

227 2046 288 2076 116
312 2046 445 2076 nuntiet
461 2044 527 2076 cod.
550 2045 646 2085 (corr.
664 2045 727 2075 3²³
847 2055 905 2085 117
932 2045 964 2076 di
983 2045 1060 2076 add.
1082 2045 1217 2085 Lipsius
1330 2057 1392 2086 119
1417 2048 1516 2086 periit

180 2115 186 2121 .
205 2114 211 2121 .
231 2115 238 2122 .
257 2090 350 2121 uenit
372 2113 379 2121 .
399 2112 406 2119 .
425 2114 432 2121 .
454 2089 518 2120 iret
549 2089 614 2120 cod.
655 2100 751 2130 (corr.
783 2087 851 2129 ΒΞ)
1265 2101 1325 2122 120
1345 2091 1400 2129 qui
1436 2091 1512 2122 add.

180 2133 362 2164 Beroaldus
471 2134 535 2164 huc
562 2132 628 2164 cod.
788 2144 845 2163 121
875 2134 1016 2164 deduxit
1045 2132 1278 2166 Camerarius:
1319 2135 1415 2164 duxit
1446 2135 1512 2166 cod.

183 2188 242 2217 ¹25
268 2177 403 2208 fortuna
419 2187 480 2207 sua
496 2176 562 2208 cod.
585 2178 677 2214 (corr.
698 2176 762 2217 ΒΩ)
859 2179 919 2207 126
944 2182 1084 2217 cuperet
1101 2177 1166 2208 cod.
1188 2188 1282 2215 sorr.
1297 2177 1360 2214 BT)

1456 2189 1514 2217 127

179 2226 306 2252 amaret
332 2221 400 2252 cod.
432 2221 524 2261 (corr.
551 2220 617 2260 13²)
758 2222 818 2252 128
844 2222 974 2252 odisset
999 2232 1064 2260 qua
1088 2222 1185 2252 istum
1209 2222 1316 2252 milite
1332 2221 1397 2252 cod.
1420 2222 1511 2261 (sorr.

179 2264 242 2305 3²)
376 2274 436 2303 130
461 2265 673 2304 consiguauit
690 2264 754 2296 cod.
778 2267 875 2298 (corr.
894 2265 957 2306 3²)
1091 2275 1151 2304 132
1177 2265 1239 2296 hac
1256 2265 1321 2296 cod.

1456 2276 1513 2304 134

179 2313 213 2339 et
233 2314 283 2348 pr.
310 2307 369 2338 del.
402 2307 537 2348 Sqiff·rt
648 2309 675 2338 is
702 2315 733 2339 et
759 2308 894 2339 Ribberk
1048 2319 1107 2348 135
1132 2310 1187 2339 ῑνιῖτ
1210 2314 1389 2348 paternum
1415 2309 1510 2349 hosp.

179 2357 356 2392 paternum
374 2362 469 2382 suom
491 2351 626 2382 Guietns
731 2362 791 2391 139
815 2352 998 2384 conuenias
1015 2353 1082 2384 cod.
1234 2363 1295 2392 140
1318 2353 1514 2385 conclauem

179 2395 245 2430 cod.
267 2397 360 2433 (corr.
382 2395 446 2436 ΒΞ)
584 2405 640 2435 141
669 2406 771 2436 eapse
794 2395 982 2427 Turnebus:
1006 2407 1046 2427 ea
1063 2407 1101 2428 se
1118 2396 1183 2429 cod.
