1747 2740
642 113 758 150 TRV
761 112 855 152 CVI
864 113 1028 150 ,ENTV
1031 113 1056 151 S
1453 115 1522 153 IV.
1543 115 1588 152 iii

184 228 257 268 CA.
290 226 396 278 quoi,
427 228 585 273 malum,
609 227 729 265 erae?
786 227 864 264 AN.
898 227 1002 264 duae
1032 234 1123 264 sunt
1154 225 1260 264 istae.
1323 227 1394 265 CA.
1428 240 1524 265 caue

1069 299 1109 329 tu
1132 292 1206 329 nisi
1228 293 1336 342 quod
1360 301 1396 331 te
1418 307 1522 343 rogo.

184 374 232 398 ex
253 367 291 398 te
312 358 487 409 exquiro.
545 360 612 397 Sv.
643 365 777 404 mater,
801 356 976 408 inquam,
1002 357 1103 396 filiae
1124 359 1234 397 dono
1255 358 1376 396 dedit.

186 426 259 465 CA.
292 426 380 475 plus
407 437 527 475 quam
548 424 703 462 dudum
724 425 897 474 loquere.
961 424 1027 462 SV.
1060 425 1148 473 plus
1171 431 1211 462 tu
1233 424 1387 474 rogitas.
1450 426 1522 464 CA.

1173 491 1370 540 responde
1391 490 1525 528 ocius:

188 556 286 606 quid
308 556 373 594 illa
393 555 486 606 quoi
502 554 647 607 (dono)
661 556 881 594 donatust?
928 556 992 593 SV.
1018 555 1251 605 supposiuit.
1307 556 1378 595 CA.
1401 556 1526 606 quoi?
1547 567 1588 598 30

1341 622 1406 659 SV.
1438 620 1523 659 sibi.

97 689 163 733 805
186 687 260 725 CA.
282 700 354 736 pro
367 686 547 725 filiolon?
599 687 664 724 SV.
697 699 768 736 pro
789 685 923 724 filiolo.
999 686 1071 729 CA.
1096 685 1148 734 di,
1165 699 1332 737 opsecro
1352 694 1525 725 nostram

1381 753 1499 791 fidem
1517 755 1525 790 1

184 824 227 855 ut
247 817 399 855 facilius
418 816 494 855 alia
509 830 629 866 quam
649 816 725 854 alia
745 818 920 855 eundern
940 830 1108 867 puerum
1129 830 1255 855 unum
1276 816 1375 868 parit
1392 819 1399 856 l

183 883 282 920 haec
301 882 436 920 labore
455 881 585 920 alieno
605 895 772 932 puerum
793 882 946 932 peperit
966 882 1051 921 sine
1072 882 1288 922 doloribus.

181 961 279 997 puer
298 947 461 997 quidem
483 947 639 985 beatust
658 962 665 985 :
695 955 840 986 matres
860 949 960 987 duas
981 949 1102 987 habet
1123 948 1161 987 et
1181 948 1290 988 auias
1311 951 1410 988 duas
1427 965 1434 988 :

181 1013 259 1051 iam
281 1020 417 1051 metuo
437 1020 566 1063 patres
586 1020 685 1062 quot
705 1012 859 1051 fuerint.
919 1013 1012 1052 uide
1034 1014 1085 1052 sis
1107 1014 1258 1053 facinus
1280 1015 1481 1055 muliebre.
1547 1028 1587 1059 35

95 1083 165 1117 810
182 1081 261 1117 AN.
294 1078 408 1128 magi’
446 1078 514 1129 pol
551 1078 650 1117 haec
689 1078 839 1117 malitia
877 1078 1047 1129 pertinet
1085 1081 1136 1118 ad
1175 1080 1281 1118 uiros
1320 1094 1439 1131 quarn
1475 1082 1525 1120 ad

1317 1146 1499 1185 mulieres
1517 1162 1526 1186 z

182 1209 241 1248 uir
260 1209 378 1258 illam,
402 1222 483 1248 non
504 1208 645 1248 mulier
665 1217 920 1260 praegnatem
942 1210 1045 1249 fecit.
1106 1211 1178 1250 CA.
1202 1210 1311 1250 idem
1332 1225 1404 1262 ego
1426 1212 1526 1251 istuc

1430 1278 1523 1318 scio,

182 1349 224 1380 tu
244 1342 353 1380 bona
372 1340 407 1380 ei
423 1348 556 1380 custos
577 1340 713 1380 fuisti.·
754 1343 833 1380 AN.
866 1343 954 1392 plus
976 1349 1107 1392 potest
1127 1342 1195 1393 qui
1216 1344 1304 1393 plus
1325 1345 1440 1382 ualet.

182 1407 242 1446 uir
261 1414 353 1454 erat,
375 1408 463 1457 plus
483 1407 642 1445 ualebat
661 1422 668 1445 :
699 1406 804 1454 uicit,
828 1409 938 1457 quod
958 1407 1121 1458 petebat
1141 1408 1313 1458 apstulit.

182 1474 254 1513 CA.
287 1481 326 1512 et
346 1473 417 1512 tibi
438 1473 601 1524 quidem
622 1474 754 1512 hercle
780 1473 783 1523 Ι
811 1473 918 1512 idem
945 1473 1074 1512 Attulit
1096 1487 1283 1524 magnum
1306 1476 1465 1514 malum.
1541 1491 1584 1522 40

93 1544 159 1589 815
181 1541 260 1578 AN.
292 1540 344 1578 de
363 1538 463 1577 istoc
483 1538 577 1589 ipsa,
601 1538 673 1577 etsi
694 1547 736 1577 tu
758 1546 900 1586 taceas,
925 1552 1062 1590 reapse
1089 1547 1248 1589 experta
1269 1539 1464 1590 intellego.

181 1605 253 1644 CA.
285 1617 505 1655 numquam
526 1612 564 1643 te
585 1605 713 1643 facere
734 1604 855 1643 hodie
875 1604 986 1655 quiui
1008 1612 1050 1643 ut
1072 1604 1103 1643 is
1124 1605 1212 1655 quis
1235 1614 1337 1644 esset
1358 1606 1519 1646 diceres.

223 1711 285 1740 801
313 1720 396 1740 caue
425 1708 662 1740 Camerarius:
697 1719 736 1739 ca
760 1708 828 1740 cod.
856 1709 928 1750 (vii.
956 1711 990 1739 23
1107 1709 1171 1740 nisi
1199 1711 1281 1748 (iste
1305 1710 1349 1745 B}
1377 1713 1465 1751 quod
1490 1717 1524 1743 te

182 1764 265 1794 rogo
306 1753 404 1794 [nisi]
444 1752 510 1784 cod.
549 1756 626 1793 (pro
667 1752 733 1784 iste
771 1764 852 1785 corr.
890 1754 924 1784 in
958 1763 1066 1793 marg.
1108 1754 1172 1784 nisi
1187 1755 1213 1794 2)
1231 1765 1238 1784 :
1278 1765 1356 1785 corr.
1403 1754 1526 1786 Goeller

181 1799 247 1829 802
271 1807 315 1827 ex
332 1796 457 1827 Bothe:
482 1807 523 1828 ea
540 1797 606 1829 cod.
737 1797 874 1836 inquem
892 1797 976 1828 cod.:
1003 1808 1087 1827 corr.
1106 1797 1179 1829 Ital.
1297 1808 1339 1829 m.
1361 1798 1381 1829 s.
1402 1799 1432 1829 d.
1451 1800 1481 1830 d.
1502 1800 1521 1831 i.

183 1841 250 1873 cod.
268 1853 274 1872 :
298 1842 370 1872 trai.
388 1840 493 1871 Bothe
626 1842 690 1880 803
715 1841 849 1882 [inqua]
870 1842 1012 1881 loquere
1039 1841 1105 1872 cod.
1131 1842 1183 1881 (cf
1203 1841 1250 1872 ad
1264 1852 1291 1873 v.
1313 1842 1386 1873 802*
1411 1854 1415 1873 :
1441 1853 1522 1875 corr.

182 1885 286 1916 Bothe
410 1885 474 1924 804
500 1886 590 1916 dono
606 1884 683 1915 add.
701 1885 930 1925 Kampmann
1014 1885 1078 1916 sibi
1097 1885 1171 1916 Ital.
1191 1897 1198 1916 z
1221 1886 1281 1916 tibi
1299 1886 1368 1917 cod.
1457 1888 1522 1926 805

182 1940 242 1969 pro
258 1929 326 1960 filio
344 1930 449 1960 lotoni
470 1940 531 1969 pro
546 1929 613 1960 filio
632 1929 721 1960 lodel
741 1930 817 1969 (pro
831 1930 900 1960 deii
919 1929 985 1961 cod.
1004 1941 1011 1960 ε
1028 1939 1109 1960 corr.
1131 1930 1218 1969 Ital„
1233 1929 1370 1970 Seyffert
1457 1932 1522 1962 806

183 1984 283 2004 unum
304 1984 334 2013 p.
353 1973 545 2004 Buecheler:
570 1979 605 2004 ut
622 1984 701 2004 num
720 1979 817 2014 paret
834 1973 899 2004 cod.
1038 1973 1103 2003 808
1121 1975 1242 2004 beatus
1258 1974 1324 2005 cod.
1415 1982 1522 2006 mater

182 2021 255 2058 (pro
271 2017 361 2057 mat.5
380 2018 400 2049 ι’.
419 2028 447 2049 e.
465 2023 590 2049 matres
602 2018 629 2059 2)
646 2029 730 2049 ouas
747 2018 811 2049 cod.
826 2030 832 2049 :
856 2029 933 2049 corr.
956 2018 1028 2050 Ital.
1107 2024 1139 2049 et
1157 2018 1216 2048 del.
1236 2016 1370 2058 Geppcrt
1457 2020 1522 2058 809

181 2061 335 2093 muliebri
353 2061 418 2093 cod.
596 2063 662 2093 810
685 2064 734 2094 vel
747 2074 842 2102 mage
959 2065 1107 2104 pertinet
1125 2064 1208 2094 haec
1228 2062 1355 2093 malitia
1372 2064 1412 2093 ad
1432 2064 1522 2093 uiros

180 2106 287 2137 Brix:
312 2107 353 2137 ad
371 2106 413 2137 ui.
434 2107 509 2138 mal.
527 2107 558 2138 h.
579 2117 610 2147 p.
630 2107 745 2139 Bothe.
766 2118 804 2137 ne
827 2107 870 2137 sit
892 2107 1040 2147 dactylus
1064 2108 1213 2148 pertinet
1326 2107 1385 2137 srd
1406 2106 1524 2137 scande

180 2151 233 2190 sic,
253 2150 397 2190 pertinet
421 2151 462 2181 ad
481 2153 573 2181 uires
593 2162 691 2190 quam
708 2152 750 2182 ad
768 2151 860 2190 mul.‚
883 2162 965 2181 nant
983 2153 1074 2183 uiros
1092 2151 1230 2193 ἔμφασιν
1249 2152 1343 2182 habel
1452 2161 1521 2181 mu-

180 2194 282 2225 lieres
298 2194 399 2225 Ital:
425 2194 577 2225 muliebri
594 2194 660 2226 cod.
686 2197 732 2234 (v.
751 2196 785 2234 4)
920 2197 981 2226 811
1010 2197 1062 2226 uir
1086 2196 1174 2227 illam
1204 2196 1433 2227 Cameram'us:
1459 2195 1522 2226 uiri

181 2238 246 2268 iam
265 2238 328 2269 cod.
423 2238 510 2269 idem
531 2238 764 2270 Camerarius:
788 2244 822 2270 et
845 2240 900 2270 ide
918 2239 983 2270 cod.
1121 2242 1185 2279 813
1211 2241 1347 2271 abstulit
1367 2239 1522 2270 Camera-

181 2283 253 2312 rius
268 2294 275 2313 ε
299 2282 432 2313 adstuni
452 2283 563 2313 (adest
580 2282 637 2313 uni
656 2283 741 2313 pcog
759 2283 827 2315 cod.
961 2284 1023 2322 814
1041 2284 1098 2315 vt'x
1114 2284 1252 2315 hercule
1322 2285 1407 2315 idem
1425 2281 1522 2326 (uir)

185 2325 320 2356 Gm'etns
438 2327 502 2365 815
528 2326 620 2357 Idem
639 2327 725 2357 istuc
745 2329 826 2365 (-oc)
847 2327 1015 2367 Kt'essling
1085 2338 1206 2368 reapse
1226 2328 1460 2359 Camerarius:
1485 2338 1520 2357 re

181 2370 223 2399 ab
233 2369 298 2401 cod.
440 2371 504 2400 816
527 2370 617 2409 quiui
635 2375 671 2401 ut
688 2371 716 2401 is
730 2370 963 2403 Camerarius:
990 2376 1025 2401 ut
1043 2372 1155 2411 quiuis
1175 2372 1239 2402 cod.
1353 2373 1467 2403 dicere
1485 2375 1522 2403 ut

183 2413 246 2444 vid.
267 2413 333 2445 cod.
358 2415 390 2445 ²1¹.
404 2425 427 2445 e.
447 2414 593 2455 diceres)
614 2415 743 2453 (dicere
757 2414 786 2443 Β
800 2426 806 2432 ·
829 2415 958 2446 diceret
976 2415 1063 2455 PCD)
