1747 2740
718 128 945 165 RVDENS
1443 128 1497 165 II.
1517 128 1561 164 iii

162 240 317 289 pulsare
338 237 482 277 iussisti
501 245 620 288 atque
640 250 783 287 aquam
806 251 951 287 rogare.
1011 238 1046 274 T
1052 248 1086 274 R.
1120 236 1240 286 quoia
1259 238 1309 276 ad
1331 237 1433 275 auris

163 318 241 343 uox
270 304 323 343 mi
353 303 588 343 aduolauit?
631 306 713 341 AM.
749 316 926 354 opsecro,
959 301 1047 353 quis
1076 302 1140 341 hic
1168 302 1369 353 loquitur?
1421 305 1497 340 ΤΚ.

1117 369 1237 418 quem
1259 382 1332 418 ego
1353 367 1502 407 uideo?

159 442 272 474 estne
302 434 529 486 Ampelisca
563 436 661 473 haec
691 448 794 484 quae
826 435 928 473 foras
963 448 985 473 e
1015 435 1107 472 fano
1142 434 1368 484 egreditur?
1416 436 1498 472 AM.

1305 507 1416 538 estne
1437 499 1501 538 hic

73 579 138 615 335
160 565 372 604 Trachalio
392 579 511 615 quem
532 565 750 616 conspicor,
774 566 922 604 calator
944 563 1190 615 Plesidippi?
1523 576 1541 608 5

159 632 236 669 ΤΚ.
267 639 359 669 east.
414 632 496 669 AM.
529 630 560 669 is
581 639 650 670 est.
701 630 922 678 Trachalio,
941 633 1059 670 salue.
1111 632 1186 669 TR.
1219 632 1338 677 salue,
1357 632 1502 681 Ampe-

1394 696 1498 735 lisca.

159 760 257 811 quid
275 761 358 812 agis
379 763 451 800 tu?
499 763 580 799 AM.
612 760 781 800 aetatem
805 762 883 800 hau
906 762 1050 800 malam
1077 761 1190 800 male.
1250 763 1326 799 ΤΚ.
1360 761 1501 799 melius

1309 841 1499 866 ominare.

159 893 241 930 AM.
275 905 412 930 uerum
434 891 563 930 omnis
584 891 771 942 sapientis
792 893 908 931 decet
929 893 1107 930 conferre
1129 900 1166 930 et
1188 891 1363 930 fabulari.

159 958 229 995 sed
252 957 502 1007 Plesidippus
524 965 612 996 tuos
634 971 721 996 erus
742 957 824 1005 ubi,
845 958 1001 1004 amabo,
1026 959 1113 995 est?
1161 959 1236 995 TR.
1270 957 1359 996 heia
1379 971 1484 1005 uero,

72 1035 141 1070 340
159 1021 271 1072 quasi
292 1035 372 1060 non
394 1021 443 1060 sit
464 1021 593 1060 intus!
623 1024 705 1060 AM.
739 1036 869 1073 neque
894 1024 961 1073 pol
989 1029 1048 1061 est
1074 1036 1205 1072 neque
1232 1023 1310 1060 huc
1336 1022 1499 1073 quidem
1525 1037 1561 1059 10

1254 1089 1356 1126 ullus
1377 1088 1497 1127 uenit.

158 1154 234 1190 ΤΗ.
267 1166 348 1191 nori
369 1152 508 1191 uenit?
555 1154 637 1191 AM.
671 1166 764 1192 uera
784 1152 998 1204 praedicas.
1058 1154 1134 1191 TR.
1167 1167 1247 1192 non
1273 1161 1331 1192 est
1353 1167 1498 1201 meum,

1258 1218 1497 1270 Ampelisca.

159 1283 230 1322 sed
250 1297 369 1334 quam
392 1297 483 1322 mox
503 1290 661 1322 coctum
679 1292 737 1322 est
758 1283 1000 1335 prandium?
1029 1285 1112 1322 AM.
1145 1285 1254 1334 quod
1275 1284 1497 1335 prandium,

679 1344 682 1350 ’
1247 1363 1413 1400 opsecro
1434 1352 1501 1389 te?

159 1415 235 1452 TR.
277 1415 408 1464 nemp’
433 1428 514 1453 rem
549 1413 727 1454 diuinam
762 1414 888 1454 facitis
923 1414 997 1454 hic.
1057 1416 1140 1453 AM.
1182 1414 1280 1465 quid
1314 1415 1499 1463 somnias,

1326 1482 1471 1520 amabo
1485 1483 1502 1520 ?

159 1547 236 1584 TR.
268 1552 372 1584 certe
394 1546 472 1584 huc
494 1546 647 1585 Labrax
667 1547 717 1585 ad
740 1545 950 1596 prandium
972 1546 1132 1585 uocauit
1154 1545 1427 1597 Plesidippum

72 1619 138 1657 345
160 1623 269 1649 erum
291 1624 424 1649 meum
446 1612 524 1649 eru'
546 1619 688 1649 uoster.
749 1613 831 1649 ΑΜ.
865 1613 931 1662 pol
953 1612 1030 1650 hau
1053 1611 1232 1651 miranda
1253 1613 1355 1651 facta
1375 1612 1498 1652 dicis:
1523 1629 1561 1662 15

159 1675 190 1714 si
211 1677 308 1715 deos
329 1676 486 1726 decepit
507 1684 545 1715 et
566 1676 760 1724 homines,
783 1679 973 1716 lenonum
997 1691 1106 1716 more
1126 1678 1228 1716 fecit.

157 1743 234 1779 TR.
276 1755 357 1780 non
392 1755 473 1780 rem
508 1741 686 1781 diuinam
721 1742 847 1781 facitis
883 1742 947 1782 hic
982 1756 1054 1782 uos
1090 1757 1220 1794 neque
1250 1746 1368 1783 erus?
1414 1747 1497 1783 AM.

1295 1809 1498 1849 hariolare.

157 1875 234 1912 TR.
267 1872 363 1924 quid
385 1881 426 1912 tu
446 1873 527 1925 agis
549 1873 612 1913 hic
633 1873 778 1925 igitur?
825 1876 908 1913 AM.
941 1889 987 1914 ex
1009 1874 1121 1914 malis
1149 1875 1282 1914 multis
1311 1883 1499 1926 metuque

1340 1955 1498 1981 summo

157 2005 395 2058 capitalique
416 2020 463 2044 ex
483 2005 658 2056 periculo
679 2006 794 2045 orbas
814 2005 1013 2057 auxilique
1034 2020 1237 2057 opumque
1259 2008 1337 2045 huc

72 2086 140 2123 350
158 2071 305 2122 recepit
325 2072 375 2110 ad
397 2085 438 2110 se
459 2070 628 2110 Veneria
649 2072 747 2110 haec
767 2073 951 2110 sacerdos
974 2085 1036 2111 me
1057 2080 1094 2110 et
1117 2074 1366 2111 Palaestram.
1517 2090 1559 2112 20

159 2139 234 2176 ΤΒ.
267 2151 316 2176 an
338 2137 402 2175 hic
425 2138 667 2185 l'alaestrast‚
691 2138 867 2188 opsecro,
886 2137 939 2176 eri
962 2137 1037 2176 mei
1059 2137 1216 2177 amica?
1258 2140 1341 2177 ΛΜ.
1375 2146 1494 2178 certo.

203 2257 266 2287 332
290 2252 491 2286 atquaquam
520 2245 586 2278 cod.
698 2247 772 2277 cuia
800 2246 953 2277 Merula:
988 2247 1040 2277 cui
1067 2246 1134 2278 sod.
1272 2258 1336 2287 333
1361 2259 1390 2288 q.
1411 2259 1442 2280 e.
1463 2258 1494 2280 u.

159 2291 364 2332 Ampeliscae
390 2291 583 2320 conh'nmmt
610 2291 671 2320 alsi
800 2301 862 2330 337
888 2297 922 2321 tu
952 2291 1025 2329 agis
1052 2290 1155 2321 Boslw
1254 2293 1339 2322 mala
1361 2293 1447 2323 male
1467 2292 1499 2323 Β

159 2335 222 2373 338
246 2333 416 2375 conferre]
442 2333 520 2375 (et)
545 2334 657 2364 colere
682 2333 799 2374 Lange
945 2345 1008 2374 344
1034 2334 1260 2375 plesidippum
1292 2337 1426 2367 uocauit
1454 2338 1496 2367 ad

160 2379 335 2418 prandium
355 2381 390 2408 ut
404 2377 468 2409 vid.
489 2377 576 2408 cod.:
601 2378 672 2408 [ναί.
690 2377 770 2408 Rei:
889 2380 953 2416 348
978 2379 1030 2408 hic
1047 2389 1113 2409 οιιι,
1135 2378 1168 2408 Β
1284 2390 1350 2418 350
1376 2382 1497 2420 recipit

159 2422 225 2454 cod.
358 2431 420 2461 351
447 2422 576 2452 ameica
592 2420 623 2452 Β
1346 2467 1408 2488 0⁹*
