1747 2740
188 144 204 181 1
241 143 269 180 ii
662 144 708 181 T.
742 143 923 183 MACCI
955 144 1159 182 PLAVTI

238 257 312 294 AG.
345 263 387 294 ut
411 255 573 306 quidem
602 263 643 294 tu
672 256 788 295 hiiius
813 257 950 295 oculos
980 256 1113 295 inlutis
1135 257 1318 296 manibus
1339 264 1480 297 tractes
1504 265 1572 299 aut

1441 325 1572 363 teras?

155 402 214 424 110
236 388 367 425 ANTE.
402 386 522 425 nimia
545 400 616 425 nos
638 386 820 425 socordia
845 386 966 426 hodie
997 387 1132 426 tenuit.
1193 389 1299 427 ΑΒΕ.
1332 401 1411 439 qua
1440 389 1490 427 de
1517 402 1569 436 re,

1375 466 1541 504 opsecro
1554 455 1572 492 ?

233 517 366 556 ANTE.
399 516 492 567 quia
514 530 593 555 non
616 516 692 555 iarn
709 518 863 556 dudum
891 525 983 557 ante
1007 518 1136 557 lucem
1163 519 1215 557 ad
1242 519 1383 557 aedem
1403 518 1570 557 Veneris

1373 583 1568 632 uenimus,

235 648 384 699 primae
401 655 442 686 ut
460 647 690 687 inferremus
707 648 838 699 ignem
855 648 895 687 in
911 662 1028 688 aram.
1075 650 1180 688 ΑΒΕ.
1203 650 1303 688 aha!
1329 662 1408 688 non
1426 650 1569 688 factost

1441 728 1568 766 opus:

232 779 334 829 quae
355 779 503 818 habent
525 786 717 817 nocturna
738 792 814 826 ora„
839 786 959 818 noctu
986 780 1261 818 sacruficatum
1282 779 1337 818 ire
1357 789 1565 831 occupant.
1587 794 1657 829 320

232 844 329 895 priu'
351 858 469 895 quarn
491 846 628 883 Venus
649 845 948 895 expergiscatur,
972 845 1068 896 priu’
1089 847 1353 896 deproperant
1374 847 1514 885 sedulo

153 925 212 958 115
233 911 463 949 sacruficare
478 925 487 958 3
518 924 609 948 narn
631 910 819 960 uigilante
841 912 998 949 Venere
1019 910 1050 948 si
1071 911 1233 949 ueniant
1254 924 1338 959 eae,

198 1017 200 1019 ‚
232 975 285 1013 ita
305 983 396 1014 sunt
417 983 560 1026 turpes,
579 977 698 1014 eredo
721 984 873 1015 ecastor
889 978 1087 1015 Venerem
1113 976 1238 1026 ipsam
1261 990 1281 1015 e
1302 977 1395 1015 fano
1416 978 1563 1027 fugent.

232 1042 306 1079 AG.
341 1040 523 1091 Milphio.
596 1042 668 1079 Mi.
707 1042 849 1091 edepol
891 1041 1157 1092 Milphionem
1198 1041 1384 1080 miserum
1404 1045 1411 1080 ἔ
1469 1041 1566 1092 quid

1256 1120 1362 1145 nunc
1383 1106 1442 1145 uis
1463 1106 1533 1145 tibi
1550 1108 1567 1146 ?

231 1173 305 1210 AG.
339 1184 504 1222 opsecro
526 1173 667 1219 hercle,
692 1179 732 1210 ut
760 1173 886 1210 mulsa
913 1171 1112 1222 loquitur!
1171 1173 1245 1211 M1.
1277 1171 1331 1210 nil
1356 1172 1429 1210 nisi
1457 1173 1566 1211 later·
1586 1186 1651 1222 3²5

1441 1238 1562 1285 culos,

229 1316 426 1342 sesumam
448 1316 779 1353 papaueremque,
800 1303 971 1342 triticum
993 1311 1032 1341 et
1052 1303 1182 1342 frictas
1204 1316 1336 1342 nuces.

149 1384 210 1407 120
230 1371 304 1407 AG.
338 1368 481 1419 ecquid
501 1382 632 1407 amare
654 1368 821 1407 uideor?
880 1370 952 1406 M1.
986 1369 1190 1416 damnum,
1213 1370 1321 1419 quod
1345 1368 1566 1407 Mercurius

1257 1433 1420 1472 minime
1446 1441 1563 1472 amat.

229 1501 304 1538 AG.
356 1512 528 1549 namque
568 1500 711 1549 edepol
764 1500 914 1537 lucrum
942 1497 946 1550 Ι
973 1512 1103 1538 amare
1151 1501 1303 1538 nullum
1348 1506 1564 1537 amatorem

1383 1565 1563 1603 addecet.

229 1633 361 1670 ANTE.
385 1644 532 1678 eamus,
556 1644 643 1669 mea
664 1644 859 1680 germana.
902 1633 1006 1668 ΑΒΕ.
1031 1631 1101 1680 age
1123 1630 1185 1678 sis,
1209 1639 1251 1669 ut
1272 1631 1391 1669 lubet.
1429 1632 1562 1668 ANTE.

941 1710 1104 1746 sequere
1126 1698 1210 1734 hac.
1271 1698 1376 1734 ΑΒΕ.
1408 1708 1562 1746 sequor.

231 1764 304 1801 Mr.
337 1769 430 1800 eunt
462 1763 546 1800 hae.
606 1763 680 1799 AG.
714 1761 810 1811 quid
845 1761 874 1798 si
907 1762 1129 1800 adeamus?
1191 1763 1265 1799 M1.
1297 1762 1426 1800 adeas.
1486 1763 1563 1799 AG.
1584 1775 1654 1810 330

1033 1827 1202 1877 primum
1226 1826 1350 1877 prima
1371 1827 1479 1864 salua
1500 1825 1562 1873 sis,

231 1900 268 1931 et
290 1894 465 1931 secunda
484 1899 525 1930 tu
548 1892 768 1930 insecundo
789 1893 896 1930 salue
918 1891 955 1929 in
978 1892 1104 1941 pretio
1122 1907 1128 1939 ς
1158 1892 1270 1930 tertia

149 1974 209 2006 125
231 1959 338 1996 salue
355 1965 460 1996 extra
476 1957 655 2007 pretium.
726 1959 828 1995 Axe.
854 1965 936 1994 tum
955 1958 1019 2006 pol
1042 1971 1115 2007 ego
1136 1965 1174 1995 et
1195 1959 1327 1995 oleum
1344 1965 1382 1995 et
1403 1969 1563 2007 operam

1396 2021 1560 2072 perdidi.

232 2091 306 2127 AG.
326 2088 406 2139 quo
422 2088 532 2138 agis?
589 2090 693 2126 ΑΒΕ.
727 2089 882 2137 egone?
912 2087 949 2124 in
967 2088 1105 2125 aedem
1124 2087 1300 2126 Veneris.
1360 2089 1434 2125 Ac.
1467 2086 1564 2137 quid

789 2154 868 2190 eo?
924 2154 1027 2189 Arm.
1061 2161 1101 2190 ut
1125 2154 1319 2190 Venerem
1341 2151 1561 2202 propitiem.

1508 2266 1541 2282 sse

279 2293 342 2331 316
366 2297 401 2323 ut
418 2297 452 2323 tu
469 2292 604 2332 quidem
626 2291 658 2321 P
761 2300 825 2330 319
848 2290 991 2331 primae]
1019 2291 1126 2329 prima
1145 2301 1220 2321 cum
1238 2290 1271 2320 Ρ
1285 2292 1382 2330 (ἲρνο
1407 2291 1558 2331 primurm

234 2337 253 2367 i.
267 2347 289 2367 e.
326 2338 468 2376 primurn
500 2347 577 2366 corr.
611 2334 754 2375 primae)
875 2335 1005 2372 signem
1023 2333 1054 2363 Ρ
1174 2335 1293 2364 factust
1310 2334 1342 2363 Α
1498 2344 1565 2374 320

234 2390 403 2419 occupans
420 2380 453 2410 P
554 2389 614 2418 321
635 2378 870 2417 experiscatur
886 2377 919 2407 P
1015 2378 1078 2416 328
1104 2388 1178 2408 nam
1197 2379 1331 2417 quidem
1349 2378 1447 2417 edep.
1463 2378 1566 2408 Bothe

234 2423 379 2465 (ullum)
400 2434 462 2454 am.
485 2423 566 2452 Rrix
653 2432 710 2461 331
740 2422 818 2452 tuin
832 2432 856 2452 s,
873 2421 945 2452 (de-l.
964 2421 1020 2452 alt.
1038 2422 1081 2451 in*
1098 2420 1315 2452 Studcmund
1331 2433 1337 2451 ε
1362 2427 1395 2451 tu
1411 2422 1562 2452 secundo

236 2467 448 2500 Camerarius
461 2467 511 2504 gcs.
528 2467 640 2495 Amen
662 2466 780 2503 low-n.
795 2464 880 2495 Phil.
901 2475 952 2496 21.
968 2472 1021 2504 37)
1157 2475 1219 2505 333
1245 2476 1274 2506 q.
1293 2470 1326 2495 te
1343 2475 1372 2495 a.
1392 2464 1425 2494 Ρ
1440 2465 1472 2504 gi.
1489 2466 1528 2506 9)
