1747 2740
726 103 1051 144 PSEVDOLVS
1527 104 1556 143 I.
1579 103 1627 142 iii

132 226 197 264 245
382 228 592 255 moramur.
653 229 781 263 mane,
805 229 868 254 em
890 216 1079 267 conloqui
1100 217 1165 268 qui
1189 219 1328 256 uolunt
1350 225 1398 257 te.

382 283 453 319 BA.
485 280 582 331 quid
604 282 680 319 hoc
701 283 790 320 est?
837 281 925 332 quis
947 290 1005 321 est
1026 283 1093 333 qui
1115 297 1265 322 moram
1289 283 1341 321 mi
1363 289 1559 334 occupato
1580 299 1622 321 20

381 348 589 386 molestam
610 346 783 397 optulit?
841 349 903 386 Ps.
936 347 1004 398 qui
1026 348 1097 387 tibi
1118 348 1314 399 sospitalis

380 411 462 450 fuit.
524 414 595 450 BA.
629 419 825 451 mortuost
845 412 913 463 qui
934 413 1030 452 fuit:
1060 413 1128 464 qui
1149 413 1198 452 sit
1219 421 1361 453 ussust.

218 479 282 516 Ps.
314 476 422 516 nimi'
443 478 623 528 superbe.
676 480 747 516 ΒΑ.
781 478 889 517 nimi'
911 480 1111 518 molestus.
1163 480 1280 519 CAL1.
1313 480 1558 530 reprehende

757 543 974 593 hominem,
997 545 1226 595 adsequere.
1288 547 1358 583 BA.
1392 545 1555 596 ipuere.

129 620 198 658 250
379 610 442 647 Ps.
475 609 715 648 occedamus
736 610 811 648 hac
831 609 1007 649 obuiam.
1066 612 1140 649 BA.
1172 610 1350 661 Iuppiter
1371 618 1408 649 te

378 675 527 725 perdat,
550 674 729 726 quisquis
751 689 803 714 es.
864 677 928 715 Ps.
962 684 999 715 te
1021 677 1126 715 uolo.
1187 678 1258 715 ΒΑ.
1291 677 1369 715 hau
1391 690 1463 715 uos
1484 690 1557 726 ego
1580 690 1620 722 25

1403 743 1554 782 ambos.

377 814 489 845 uorte
511 820 584 845 nac
605 820 736 858 puere,
761 814 812 846 te.
872 809 936 846 Ps.
970 821 1051 846 non
1072 807 1164 846 licet
1185 807 1373 858 conloqui
1395 809 1463 846 te?

378 873 450 910 BA.
483 879 523 911 at
553 871 608 911 mi
636 886 719 911 non
750 872 869 912 lubet.
932 874 993 911 Ps.
1028 872 1087 911 sin
1119 880 1267 912 tuamst
1289 872 1494 924 quippiam
1516 873 1556 912 in

1445 953 1526 978 rem
1541 942 1558 978 ?

378 1004 448 1041 BA.
482 1003 637 1050 licetne,
660 1017 838 1054 opsecro,
863 1003 986 1042 bitere
1006 1018 1057 1042 an
1079 1018 1161 1043 non
1182 1003 1303 1043 licet?
1361 1006 1425 1043 Ps.
1458 1006 1556 1044 uah!

127 1083 168 1120 25
175 1082 192 1119 5
214 1075 358 1108 manta.
420 1071 491 1107 BA.
524 1068 674 1108 omitte.
727 1070 844 1109 CALr.
878 1069 1018 1117 Ballio,
1041 1070 1146 1109 audi.
1208 1073 1280 1109 BA.
1313 1072 1446 1110 surdu’
1468 1084 1556 1109 sum

1068 1136 1247 1186 profecto
1268 1135 1553 1186 inanilogistae.

375 1200 492 1239 CALI.
524 1198 619 1238 dedi
639 1200 736 1238 dum
758 1199 840 1238 fuit.
902 1202 974 1238 BA.
1007 1214 1089 1240 non
1110 1208 1204 1251 peto
1225 1203 1335 1251 quod
1357 1201 1512 1241 dedisti.
1577 1216 1617 1248 30

374 1267 494 1306 CAL1.
515 1266 621 1304 dabo
643 1267 806 1318 quando
828 1266 909 1304 erit.
944 1268 1015 1304 BA.
1039 1266 1177 1306 ducito
1194 1268 1357 1317 quando
1375 1267 1552 1307 habebis.

482 1333 599 1372 CALI.
632 1333 745 1379 eheu,
769 1346 890 1382 quam
912 1346 986 1383 ego
1008 1333 1121 1372 malis
1142 1332 1297 1384 perdidi
1319 1333 1449 1373 modis

429 1398 539 1447 quod
560 1396 631 1436 tibi
651 1396 776 1436 detuli
797 1406 836 1436 et
857 1399 967 1448 quod
988 1398 1082 1437 dedi
1102 1401 1109 1436 !
1168 1400 1239 1437 ΒΑ.
1273 1407 1429 1438 mortua

123 1469 193 1505 260
429 1463 551 1501 uerba
570 1476 610 1501 re
631 1476 738 1501 nunc
759 1463 854 1502 facis
870 1478 880 1511 3
910 1465 1053 1502 stultus
1074 1477 1126 1511 es,
1151 1478 1232 1503 rem
1254 1472 1383 1503 actam
1404 1464 1496 1515 agis.

428 1530 492 1567 Ps.
524 1542 645 1568 nosce
681 1530 820 1568 saltem
860 1531 968 1568 hunc
1003 1529 1091 1581 quis
1131 1538 1199 1570 est.
1261 1532 1333 1569 BA.
1366 1530 1444 1570 iam
1485 1530 1555 1570 diu
1576 1543 1616 1575 35

1471 1610 1555 1636 selo

426 1660 495 1711 qui
516 1660 588 1698 fuit
605 1675 611 1698 :
641 1674 750 1699 nunc
770 1659 858 1711 quis
880 1668 939 1700 est
960 1660 1068 1712 ipsus
1088 1660 1166 1714 (se)
1186 1661 1293 1701 sciat.

425 1727 587 1765 ambula
608 1734 660 1765 tu.
722 1728 785 1765 Ps.
819 1728 932 1777 potin
953 1735 996 1765 ut
1017 1730 1139 1766 semel
1162 1729 1300 1777 modo,

537 1792 675 1840 Ballio,
698 1793 777 1831 huc
798 1805 890 1831 cum
911 1794 1021 1832 lucro
1043 1793 1258 1844 respicias?

122 1929 188 1975 265
212 1923 282 1960 ΒΑ.
315 1920 521 1972 respiciam
543 1919 642 1960 istoc
664 1919 789 1971 pretio
804 1935 814 1969 3
844 1934 936 1959 narn
959 1920 989 1959 si
1011 1922 1242 1961 sacruficem
1264 1934 1422 1960 summo
1444 1921 1534 1961 Ioui

254 2035 317 2066 245
341 2036 394 2056 ern
415 2025 561 2056 Usener:
586 2029 638 2055 est
657 2026 708 2065 (el
728 2023 795 2056 cod.
816 2025 887 2066 (via¹
900 2024 1120 2066 Plautinum)
1211 2025 1350 2056 uolunte
1369 2024 1433 2056 cod.
1452 2026 1548 2063 (corr.

210 2069 307 2110 CD2)
454 2079 516 2108 247
542 2068 621 2108 quid
647 2068 713 2099 cod.
816 2069 969 2109 sospitali
995 2069 1063 2100 cod.
1214 2079 1280 2109 249
1304 2069 1354 2100 rel
1380 2069 1552 2100 molestu’s

208 2125 272 2154 250
297 2114 511 2150 occedamus‚
529 2113 564 2152 cs
586 2113 703 2143 Festus
722 2114 781 2144 181
802 2124 808 2144 :
833 2114 1034 2144 accedamus
1051 2113 1117 2144 cod.
1255 2123 1314 2152 251
1337 2113 1404 2143 hau
1417 2114 1548 2153 scripsi:

207 2164 240 2189 at
256 2158 326 2189 cod.
346 2158 396 2198 <pfl
415 2157 463 2187 ad
479 2157 578 2188 Poen.
600 2158 699 2197 1355)
801 2158 934 2196 perdat,
953 2158 1130 2197 quisqui's.
1198 2157 1252 2187 Ps.
1279 2160 1313 2188 te
1331 2156 1408 2187 uolo
1425 2156 1545 2199 (ego).

208 2202 271 2233 BA.
297 2208 332 2233 at
358 2205 420 2232 uo's
443 2200 567 2243 (nolo)
592 2212 656 2240 ego
682 2200 798 2231 ambes,
823 2201 914 2231 Koch
1071 2211 1133 2239 252
1159 2206 1193 2231 te
1220 2211 1325 2241 puerc
1349 2200 1415 2232 cod.
1436 2213 1442 2231 :
1474 2202 1548 2232 irai.

207 2245 346 2276 Mueller
432 2245 519 2287 (an)
538 2255 605 2275 non
625 2244 752 2275 Schoell
869 2254 930 2283 254
957 2245 1064 2276 bitere
1081 2245 1215 2285 Lip>ins
1232 2257 1238 2276 :
1265 2246 1381 2275 uiuere
1399 2244 1475 2282 cod„
1493 2246 1551 2275 vix

207 2295 284 2321 recte
373 2299 436 2330 255
460 2288 574 2320 surdu’
591 2292 663 2319 ssim
678 2289 817 2329 displice!
891 2289 1060 2330 profecto]
1081 2289 1179 2320 (ΖΑΗ.
1202 2290 1287 2329 proh
1305 2288 1400 2319 Goet:
1416 2289 1549 2327 (studius

197 2334 280 2373 sort.
308 2338 387 2372 oro)
493 2333 711 2372 inanilogista
735 2343 772 2363 es
795 2332 869 2363 Ital.
1025 2335 1090 2363 260
1114 2334 1186 2371 agis
1209 2333 1284 2364 Ital.
1306 2345 1312 2363 τ
1345 2333 1453 2372 magis
1478 2333 1545 2364 cod.

208 2380 268 2409 261
296 2379 371 2409 dius
388 2377 454 2408 cod.
547 2378 609 2407 262
634 2376 748 2406 accedit
763 2376 795 2406 A
883 2376 957 2416 quis
977 2377 1214 2408 Camerarius:
1239 2377 1296 2416 qui
1315 2376 1404 2408 codd.
1497 2383 1549 2408 est

207 2422 302 2462 ipsus
319 2433 356 2454 se
373 2421 504 2463 scripsi:
531 2422 574 2461 sit
594 2420 708 2460 ipseA
727 2431 734 2450 ε
758 2420 841 2451 estis
854 2420 947 2460 ipsus
960 2421 993 2450 P
1123 2423 1188 2462 264
1214 2421 1304 2451 hunc
1322 2421 1355 2451 P
1370 2431 1461 2459 xcorr.
1482 2420 1544 2461 B2')
