1747 2740
209 128 256 166 V.
278 128 325 165 iv
691 127 738 165 T.
772 126 952 166 MACCI
984 127 1187 164 PLAVTI

278 239 376 278 haec
397 238 584 285 facetiast,
607 251 739 277 amare
760 238 860 276 inter
880 251 922 277 se
942 237 1073 276 riualis
1094 239 1206 284 duos,

278 318 358 343 uno
378 306 567 343 cantharo
588 311 734 354 potare,
758 306 881 342 unum
904 312 1076 342 scortum
1097 305 1253 343 ducere.
1629 313 1699 349 730

218 383 258 415 50
277 371 354 408 hoc
376 369 668 408 memorabilest
687 385 693 408 :
724 383 798 419 ego
820 377 860 408 tu
882 383 980 417 sum,
1004 377 1044 408 tu
1066 383 1107 408 es
1127 383 1212 420 ego,
1235 368 1426 408 unianimi
1447 381 1598 416 sumus,

277 448 397 474 unam
429 434 597 473 amicam
628 448 808 473 amamus
837 435 969 481 ambo,
1004 448 1160 474 mecum
1190 434 1258 474 ubi
1288 443 1357 482 est,
1390 442 1520 474 tecum
1553 441 1611 472 est

1451 507 1584 538 tamen
1603 513 1613 546 3

277 572 408 604 tecum
441 565 508 604 ubi
540 572 674 604 autem
705 572 774 613 est,
807 578 964 604 mecum
995 564 1049 604 ibi
1078 572 1276 604 autemst:
1315 572 1454 604 neuter
1482 564 1612 605 †utri†

1446 629 1608 668 inuidet.

275 697 340 735 SA,
372 697 461 743 ohe,
493 695 571 734 iam
601 695 709 734 sati'!
739 697 833 734 nolo
863 697 1119 746 optaedescat
1136 709 1146 743 ;
1184 695 1304 734 aliurn
1335 696 1474 734 ludum
1504 708 1611 734 nunc

1502 763 1607 800 uolo.

276 830 357 868 ST1.
389 828 457 867 uin
476 828 645 866 amicam
667 829 746 866 huc
767 830 1012 867 euocemus?
1042 841 1089 867 ea
1109 826 1276 866 saltabit.
1336 828 1400 866 SA.
1432 840 1588 866 censeo.
1628 839 1694 875 735

215 907 256 939 55
276 895 356 933 ST1.
389 907 478 932 mea
501 892 644 940 suauis,
666 893 857 940 amabilis,
887 906 1058 932 amoena
1083 892 1355 943 Stephanium,
1378 893 1430 931 ad
1455 904 1609 930 amores

1521 965 1610 996 tuos

274 1025 377 1063 foras
397 1025 592 1075 egredere,
617 1024 700 1063 sati'
723 1024 819 1062 mihi
840 1025 1005 1075 pulchra
1031 1037 1083 1063 es.
1143 1026 1208 1063 SA.
1240 1032 1279 1062 at
1306 1023 1412 1063 enirn
1432 1024 1611 1074 pulcher-

1483 1102 1605 1127 ruma.

273 1157 354 1194 ST1.
386 1157 446 1194 sac
467 1168 539 1194 nos
559 1155 704 1194 hilaros
725 1155 926 1194 hilariores
946 1168 1066 1205 opera
1085 1162 1205 1205 atque
1224 1156 1401 1193 aduentu
1421 1162 1502 1193 tuo.

274 1224 338 1260 SA.
362 1235 520 1272 peregre
541 1221 801 1260 aduenientes
822 1229 861 1260 te
881 1221 1115 1272 expetimus,
1131 1219 1505 1271 Stephaniscidium‚
1528 1221 1606 1258 mel
1625 1230 1644 1264 7
1650 1230 1747 1265 39-4‹

1460 1299 1606 1331 meum,

274 1353 306 1390 si
326 1352 547 1391 amabilitas
568 1352 639 1391 tibi
660 1360 792 1391 nostra
813 1353 954 1403 placet,
977 1351 1008 1390 si
1029 1351 1100 1390 tibi
1121 1352 1241 1390 ambo
1261 1350 1414 1402 decepti
1434 1363 1582 1389 sumus.

225 1517 256 1544 v
339 1509 715 1546 STEPHANIVM
828 1509 1073 1547 STlcnvs
1184 1508 1554 1546 SANGARINVS

274 1609 365 1647 STE.
413 1608 696 1658 Morigerabor,
738 1621 850 1646 meae
892 1607 1068 1647 deliciae.
1146 1620 1238 1645 nam
1277 1606 1330 1645 ita
1368 1619 1433 1645 me
1470 1608 1608 1645 Venus

962 1664 965 1665 ⁷
1297 1685 1466 1711 amoena
1488 1680 1606 1720 amet,

274 1747 316 1779 ut
337 1753 410 1790 ego
430 1741 507 1779 huc
529 1739 606 1778 iam
627 1740 780 1778 dudum
802 1738 935 1777 simitu
956 1738 1122 1777 exissem
1144 1738 1353 1777 uobiscum
1374 1739 1488 1786 foras,

274 1805 347 1843 nisi
370 1819 432 1844 me
453 1805 567 1843 uobis
589 1818 829 1844 exornarem.
889 1804 981 1842 narn
1003 1804 1056 1842 ita
1076 1803 1279 1854 ingenium
1301 1803 1552 1842 muliebrest:

274 1871 376 1909 benc
397 1884 487 1908 cum
509 1872 614 1908 lauta
630 1877 699 1917 est,
719 1877 827 1917 terta,
847 1877 995 1917 ornata,
1015 1870 1105 1907 ficta
1121 1877 1190 1916 est,
1209 1868 1353 1907 infecta
1369 1877 1426 1907 est
1448 1877 1581 1907 tamen
1597 1883 1607 1916 ;
1626 1885 1692 1922 745

234 1948 252 1980 5
274 1935 477 1986 nimioque
498 1935 571 1974 sibi
594 1935 732 1974 mulier
754 1935 934 1974 meretrix
955 1934 1124 1985 repperit
1145 1934 1281 1973 odium
1303 1934 1414 1972 ocius

272 2015 342 2039 sua
363 2000 601 2039 inmunditia
622 2014 740 2051 quam
763 2000 802 2038 in
824 2008 1055 2050 perpetuom
1079 2007 1121 2038 ut
1141 2001 1293 2050 placeat
1311 1999 1503 2038 munditia
1523 2013 1603 2038 sua.

273 2068 353 2105 S'rr.
373 2066 538 2104 nimium
554 2066 684 2116 lepide
703 2067 874 2105 fabulata
891 2073 959 2104 est.
1007 2066 1071 2103 SA.
1091 2064 1257 2103 Veneris
1274 2078 1379 2103 mera
1395 2073 1453 2103 est
1469 2065 1605 2113 oratio,

319 2180 381 2209 733
408 2174 518 2200 tecum
546 2176 658 2201 autem
686 2168 741 2199 ubi
765 2173 817 2200 est
840 2179 970 2200 mecum
994 2175 1106 2201 autem
1138 2170 1180 2201 ibi
1205 2176 1256 2201 est
1280 2169 1355 2200 ΡΟ)
1443 2180 1473 2200 n.
1496 2170 1606 2200 neutri

276 2213 433 2244 Guz'etus:
470 2225 499 2245 n.
530 2214 627 2245 alteri
661 2213 877 2244 Camerarius
1025 2224 1086 2253 734
1111 2213 1275 2244 obtaedes
1305 2213 1406 2244 catali
1432 2218 1467 2243 ut
1492 2213 1605 2244 ludurn

274 2256 360 2288 cod.:
386 2268 465 2288 corr.
485 2256 611 2288 Rr'tschl
758 2257 822 2296 736
845 2258 959 2287 suauis
977 2258 1129 2287 amabssis
1146 2257 1287 2297 displicet
1430 2266 1490 2296 737
1516 2257 1605 2287 enim

274 2299 400 2342 (mihi)
417 2301 591 2331 Acidalins
706 2311 768 2339 742
796 2300 1025 2339 morigerabor
1049 2300 1198 2331 Rt‘tscltl:
1230 2311 1357 2331 morem
1375 2300 1470 2331 uobis
1488 2311 1603 2340 geram

275 2344 342 2374 cod.
363 2345 406 2384 (v.
432 2354 442 2373 1
457 2345 482 2377 ³}
574 2354 636 2384 743
662 2345 724 2375 huc
740 2343 904 2384 Scaliger:
931 2344 984 2374 hic
1000 2343 1065 2374 cod.
1157 2354 1219 2382 744
1246 2345 1290 2374 ita
1306 2350 1358 2374 est
1373 2344 1391 2375 i.
1407 2343 1603 2375 muliebrem

277 2388 346 2428 (-re
362 2390 386 2427 ἒ)
406 2387 470 2418 cod.
546 2398 606 2429 745
626 2390 779 2429 primum
796 2392 846 2418 est
863 2387 921 2418 del.
940 2386 1085 2429 Scaltger
1153 2389 1214 2427 746
1238 2387 1384 2429 reperiet
1402 2387 1603 2420 Fuhrmann
