1747 2740
158 144 212 183 ΙΙ.
234 145 280 182 iv
653 143 699 181 T.
734 143 915 182 MACCI
948 141 1152 180 PLAVTI

178 270 218 292 κο
237 258 329 295 SAG.
361 256 426 295 abi
456 256 495 294 in
527 257 668 294 malam
691 268 784 294 rem.
845 256 913 292 ΡΑ.
945 261 984 292 at
1012 261 1052 292 tu
1075 255 1265 293 domum:
1296 267 1388 292 nam
1415 253 1469 292 ibi
1499 252 1571 292 tibi

1212 327 1347 370 parata
1366 325 1568 370 praestost.

235 389 329 426 SAG.
359 387 524 426 uadatur
549 385 612 424 hic
641 399 713 423 me.
775 386 843 422 ΡΑ.
876 384 1027 422 utinam
1048 385 1170 423 uades
1191 383 1333 431 desint,
1355 383 1395 422 in
1416 397 1571 423 carcere

1442 457 1485 488 ut
1505 449 1567 488 sis.

236 520 329 557 SAG.
362 517 457 568 quid
488 518 594 555 hoc?
652 518 719 554 ΡΑ.
752 515 848 566 quid
879 517 969 554 est?
1025 517 1117 554 SAG.
1155 515 1287 563 etiam,
1308 516 1446 561 scelus,
1469 515 1571 553 male
1592 527 1662 562 290

831 582 1024 630 loquere?
1082 582 1150 618 ΡΑ.
1184 581 1345 619 tandem
1367 579 1422 618 uti
1444 581 1568 626 liceat,

235 662 357 699 quom
374 661 508 687 seruos
525 647 586 694 sis,
607 660 762 686 seruom
780 646 850 684 tibi
868 648 970 684 male
986 645 1127 685 dicere.
1174 647 1266 684 SAG.
1283 645 1418 684 itane?
1438 652 1573 695 specta

235 713 332 764 quid
348 714 507 752 dedero.
569 714 637 751 ΡΑ.
661 712 768 760 nihil,
793 725 883 750 nam
906 711 1003 750 nihil
1025 712 1158 750 habes.
1218 713 1311 750 SAG.
1335 710 1375 750 di
1395 711 1573 761 deaeque

1108 790 1171 815 me
1193 789 1332 815 omnes
1352 777 1573 827 perdant—

178 860 215 891 25
239 847 307 882 ΡΑ.
329 843 479 883 amicus
501 857 598 892 sum,
623 842 808 882 eueniant
829 844 922 881 uolo
943 842 1013 881 tibi
1035 855 1136 893 quae
1157 849 1280 893 optas.
1339 843 1432 881 SAG.
1455 849 1574 892 atque

288 958 290 960 Ι
1433 907 1473 946 id
1494 908 1572 955 fiat,

236 974 310 1013 nisi
333 983 369 1013 te
390 974 521 1023 hodie,
544 974 575 1013 si
597 975 858 1025 prehendero,
880 974 1049 1025 defigam
1071 973 1110 1012 in
1133 980 1274 1012 terram
1296 972 1508 1024 colapheis.

238 1043 307 1078 ΡΑ.
330 1048 398 1079 tun
416 1055 479 1079 me
496 1042 643 1090 defigas
659 1042 675 1078 ?
706 1048 744 1079 te
765 1039 869 1078 cruci
887 1039 1015 1090 ipsum
1033 1040 1207 1090 adfigent
1224 1039 1456 1090 propediem
1472 1038 1571 1078 aliei.
1595 1050 1660 1086 295

236 1107 328 1144 SAG.
352 1105 419 1156 qui
436 1113 473 1144 te
490 1105 529 1145 di
546 1104 856 1156 deaeque—scis
878 1104 974 1155 quid
991 1104 1083 1143 hinc
1096 1118 1212 1154 porro
1229 1104 1405 1143 dicturus
1421 1104 1575 1153 fuerim,

237 1172 277 1210 ni
298 1172 453 1222 linguae
475 1172 668 1211 moderari
691 1186 846 1222 queam.
888 1170 1000 1222 potin
1022 1171 1170 1210 abeas?
1211 1173 1279 1209 PA.
1303 1170 1428 1221 abigis
1449 1170 1573 1210 facile.

176 1253 217 1284 30
237 1251 329 1276 nam
365 1238 504 1276 umbra
539 1251 626 1276 mea
665 1237 729 1275 hic
768 1237 872 1275 intus
914 1237 1241 1287 uapulat.—SAG.
1285 1244 1328 1274 ut
1366 1235 1495 1275 istunc
1534 1235 1574 1275 di

1183 1302 1362 1351 deaeque
1382 1302 1549 1352 perdant
1569 1304 1576 1339 1

238 1375 440 1418 tamquam
461 1382 695 1419 proserpens
717 1367 878 1406 bestiast
901 1367 1086 1418 bilinguis
1107 1375 1145 1406 et
1166 1368 1364 1406 scelestus.

238 1434 367 1472 hercle
388 1433 507 1472 istum
527 1433 670 1472 abiisse
690 1434 856 1484 gaudeo.
916 1433 1009 1471 foris
1030 1432 1163 1484 aperit,
1187 1446 1322 1472 eccere
1342 1440 1476 1473 autem
1596 1445 1665 1479 300

238 1512 357 1549 quem
379 1498 593 1538 conuenire
616 1512 797 1537 maxume
819 1498 1029 1549 cupiebam
1051 1498 1247 1550 egreditur
1267 1498 1382 1538 intus.

190 1623 220 1648 v
258 1610 510 1647 Toxnvs
620 1611 1086 1649 Sopnocmnrsm
1199 1612 1549 1649 SAGARlsTlo

239 1692 313 1729 TO.
348 1693 530 1730 Paratum
553 1691 629 1730 iam
652 1706 736 1731 esse
758 1693 881 1732 dicito
905 1695 1011 1733 unde
1033 1701 1237 1744 argentum
1259 1693 1308 1732 sit
1329 1695 1515 1740 futurum,

238 1756 373 1795 iubeto
394 1757 539 1796 habere
560 1757 737 1797 animum
762 1759 924 1806 bonum,
943 1759 1006 1798 dic
1024 1774 1087 1798 me
1104 1759 1209 1798 illam
1231 1773 1362 1798 amare
1382 1761 1550 1798 multum
1567 1773 1576 1807 ;

238 1821 306 1860 ubi
327 1836 369 1860 se
388 1822 562 1870 adiuuat,
585 1823 638 1863 ibi
660 1838 724 1863 me
745 1825 917 1864 adiuuat.
978 1839 1079 1875 quae
1100 1825 1178 1864 dixi
1201 1833 1242 1864 ut
1262 1825 1474 1873 nuntiares,

239 1887 339 1926 satin
364 1887 410 1926 ea
437 1890 579 1927 tenes?
636 1892 701 1929 So.
737 1890 849 1941 magi'
875 1891 999 1929 calleo
1031 1904 1149 1941 quam
1179 1904 1400 1941 aprugnum
1431 1892 1573 1930 callum
1595 1898 1660 1934 305

1393 1958 1575 1995 callet.—

200 2032 217 2063 5
240 2019 314 2057 TO.
348 2032 525 2069 propera,
560 2019 623 2059 :ibi
656 2022 831 2060 domum.
893 2022 984 2059 sm.
1023 2035 1128 2060 nunc
1163 2020 1256 2060 huic
1287 2035 1360 2072 ego
1391 2021 1575 2072 graphice

1301 2088 1448 2126 facetus
1470 2088 1572 2125 fiam.

284 2170 347 2209 289
370 2171 493 2202 desinit
512 2171 543 2201 A
658 2183 721 2212 292
745 2177 778 2203 te
795 2172 828 2203 P
936 2183 1008 2212 293.
1029 2183 1090 2212 294
1109 2174 1234 2204 inverso
1244 2172 1355 2204 ordine
1370 2172 1404 2204 P
1510 2183 1575 2214 293

239 2215 376 2245 eueniat
388 2215 420 2244 A
515 2226 576 2255 294
603 2216 751 2247 deferam
763 2216 795 2246 A
889 2226 952 2255 295
976 2216 1072 2247 Tunc
1088 2217 1119 2247 P
1205 2217 1403 2257 propediem
1421 2217 1573 2256 adfigent

240 2257 274 2288 Ρ
359 2261 423 2298 296
446 2259 536 2298 Quin
556 2260 588 2290 Ρ
676 2271 737 2300 297
766 2260 950 2290 moderaris
973 2263 997 2296 (ἓ
1012 2262 1090 2291 -ῑεΓ
1113 2261 1224 2301 quiam
1242 2262 1274 2291 A
1367 2263 1432 2301 298
1457 2261 1509 2302 liic
1525 2261 1576 2291 vel

241 2301 303 2340 jam
324 2302 355 2331 A
375 2315 380 2332 :
405 2314 470 2335 om.
492 2303 524 2333 P
662 2314 726 2344 299
750 2305 876 2334 bestiae
898 2306 990 2344 „²pro
1006 2304 1112 2335 bestia
1131 2311 1159 2338 ῡ,
1181 2306 1200 2336 ι’.
1214 2316 1238 2336 e.
1261 2304 1327 2338 estss
1347 2304 1380 2334 P
1508 2315 1574 2344 300

241 2345 334 2375 illum
353 2345 385 2375 Ρ
472 2347 562 2377 sores
581 2347 612 2378 Ρ
729 2358 788 2385 30¹
817 2358 891 2378 cum
911 2348 1028 2377 uenire
1047 2348 1079 2378 Ρ
1095 2354 1173 2388 [pro
1190 2351 1217 2387 ὅ,
1239 2349 1256 2379 ι’.
1271 2360 1293 2379 ι’.
1314 2348 1407 2387 εστι-ξ
1507 2357 1573 2387 302

240 2389 330 2419 dicto
350 2390 380 2419 Ι)
509 2402 570 2430 304
596 2392 707 2422 adluat
726 2391 768 2421 ibi
788 2402 840 2422 mc
857 2391 968 2422 adluat
988 2391 1019 2421 Ρ
1149 2402 1212 2432 305
1237 2393 1346 2423 satine
1363 2397 1385 2423 t.
1403 2392 1436 2422 A
1526 2391 1577 2422 vel

241 2444 337 2472 mage
353 2445 359 2464 :
385 2434 460 2473 plus
477 2434 566 2465 codd.
587 2435 765 2474 N0111'1'258
862 2437 926 2473 306
950 2445 1015 2474 ego
1033 2435 1110 2466 huic
1127 2436 1160 2466 Ρ
1251 2435 1386 2479 (nunc)
1406 2445 1492 2466 nnnc
1509 2446 1574 2475 ego

241 2477 317 2507 huic
335 2478 487 2519 Kaempf
