1747 2740
668 154 960 192 POENVLVS
1451 134 1485 188 1.¹
1503 149 1532 186 ii

150 270 282 306 ANTE.
302 267 385 306 sati’
406 280 511 305 nune
525 265 655 316 lepide
670 273 848 304 ornatam
864 266 995 311 credo,
1014 278 1132 311 soror,
1152 272 1189 302 te
1205 263 1274 302 tibi
1293 262 1460 301 uiderier
1475 276 1485 309 3
1503 274 1546 307 90

151 335 220 372 sed
242 333 309 371 ubi
331 334 510 382 exempla
530 332 782 369 conferentur
802 329 1050 368 meretricum
1072 329 1247 375 aliarum,
1271 328 1323 366 ibi
1347 327 1415 367 tibi

151 398 221 437 erit
243 397 463 437 cordolium
484 396 515 434 si
536 410 654 446 quam
678 404 855 434 ornatam
879 395 1018 433 melius
1040 396 1137 433 sorte
1162 394 1368 444 aspexeris.

63 478 133 511 300
151 466 255 502 ΑΒΕ.
288 463 438 501 inuidia
467 462 507 500 in
538 476 602 500 me
622 475 840 511 numquam
864 460 1034 498 innatast
1055 473 1185 510 neque
1210 459 1368 507 malitia,
1399 472 1487 497 mea

1365 538 1483 563 soror.

149 595 258 633 bono
279 595 371 633 med
393 607 478 632 esse
498 592 659 643 ingenio
679 599 857 630 ornatam
876 604 995 642 quam
1017 604 1112 629 auro
1135 592 1260 628 multo
1281 591 1466 628 mauolo:

147 674 296 707 aurum,
321 660 360 698 id
382 661 537 697 fortuna
558 658 767 704 inuenitur,
791 665 928 695 natura
949 655 1151 706 ingenium
1172 657 1336 694 bonum.
1504 670 1545 703 95

149 726 294 764 bonam
316 739 390 775 ego
410 738 529 775 quam
551 725 708 762 beatam
731 738 794 762 me
815 737 900 761 esse
921 722 1045 760 nimio
1066 721 1144 760 dici
1166 723 1337 760 mauolo.

149 790 392 829 meretricem
414 791 608 839 pudorem
629 803 761 839 gerere
782 788 895 838 magi'
917 789 1031 826 decet
1053 801 1171 837 quam
1193 800 1405 837 purpuram
1423 802 1429 825 :

62 869 126 905 305
149 857 343 907 magi’que
364 856 404 894 id
425 855 680 902 meretricem,
705 856 898 905 pudorem
920 867 1040 904 quam
1064 866 1202 891 aurum
1230 866 1372 903 gerere,
1397 865 1487 890 con—

1359 919 1484 956 decet

148 989 356 1039 pulchrum
377 995 559 1025 ornatum
581 994 714 1037 turpes
737 1000 864 1024 mores
886 985 997 1036 peius
1018 998 1143 1023 caeno
1163 984 1382 1031 conlinunt,

146 1053 267 1104 lepidi
289 1067 417 1091 mores
439 1061 593 1102 turpem
615 1060 797 1090 ornatum
821 1051 933 1089 facile
954 1050 1065 1088 factis
1087 1050 1360 1100 comprobant.
1510 1065 1571 1087 100

147 1120 223 1157 AG.
246 1119 322 1156 eho
344 1125 396 1164 tu,
421 1117 489 1155 uin
510 1125 552 1155 tu
574 1117 725 1155 facinus
746 1118 874 1154 faeere
891 1116 1066 1166 lepidum
1089 1122 1126 1152 et
1148 1115 1364 1153 festiuom?
1411 1117 1483 1153 M1.

1380 1182 1483 1218 uolo.

146 1249 220 1285 AG.
246 1255 409 1298 potesne
431 1247 484 1285 mi
504 1248 754 1285 auscultare?
812 1248 884 1285 Mi.
910 1260 1082 1296 possum.
1134 1249 1208 1284 AG.
1233 1246 1297 1285 abi
1319 1248 1484 1285 domum

414 1316 415 1319 ’
1145 1325 1191 1350 ac
1213 1314 1412 1362 suspende
1433 1320 1481 1350 te.

58 1391 128 1426 310
149 1380 221 1416 Mi.
253 1378 542 1428 queimobrem?
599 1379 674 1416 AG.
707 1377 801 1427 quia
828 1377 904 1415 iarn
932 1390 1150 1426 numquam
1179 1376 1335 1414 audibis
1364 1377 1484 1416 uerba

1153 1450 1210 1480 tot
1233 1450 1312 1480 tam
1335 1442 1480 1481 suauia.

145 1508 240 1558 quid
262 1508 331 1546 tibi
353 1516 470 1558 opust
491 1508 666 1546 uixisse?
695 1509 872 1546 ausculta
893 1508 988 1546 mihi
1012 1510 1133 1546 modo
1149 1521 1195 1546 ac
1212 1509 1411 1558 suspende
1432 1516 1480 1547 te.

147 1575 219 1611 Mi.
252 1573 447 1623 siquidem
469 1581 510 1610 tu
532 1587 573 1611 es
595 1587 751 1611 meeum
774 1574 925 1611 futurus
947 1587 1017 1623 pro
1039 1587 1116 1611 uua
1138 1587 1252 1623 passa
1273 1573 1443 1624 pensilis.
1507 1588 1566 1621 105

144 1640 221 1676 AG.
242 1645 281 1676 at
301 1652 374 1688 ego
394 1651 485 1676 amo
507 1639 620 1676 bane.
666 1640 737 1676 Mi.
761 1646 799 1676 at
821 1652 893 1688 ego
915 1652 1000 1677 esse
1021 1646 1059 1677 et
1081 1638 1226 1677 bibere.
1278 1641 1382 1677 ΑΒΕ.
1406 1641 1482 1678 e'lio

715 1711 767 1749 tu,
792 1703 889 1753 quid
910 1703 996 1742 ais?
1054 1706 1186 1742 ANTE.
1221 1704 1318 1754 quid
1339 1708 1483 1755 rogas?

145 1770 249 1806 ΑΒΕ.
274 1768 394 1807 uiden
422 1770 493 1806 tu?
523 1768 628 1818 pleni
651 1768 754 1807 oculi
777 1770 980 1807 sorderum
1004 1770 1072 1819 qui'
1100 1777 1219 1816 erant,
1252 1770 1328 1807 iam
1357 1772 1477 1820 splen⁴

1239 1836 1334 1873 dent
1357 1835 1482 1873 mihi?

58 1908 122 1945 315
145 1901 276 1937 ANTE.
311 1899 433 1937 immo
460 1899 577 1937 etiam
606 1899 645 1937 in
675 1899 807 1938 medio
835 1902 953 1938 oculo
978 1902 1154 1950 paullum
1178 1902 1319 1939 sordet.
1381 1902 1481 1939 cedo

1193 1965 1244 2003 sis
1266 1967 1477 2004 dexteram.

187 2070 250 2109 298
276 2069 496 2099 conseruntur
512 2068 543 2099 Ρ
629 2079 693 2108 3οο
719 2070 880 2110 innatast]
904 2075 1006 2109 gnatzi
1018 2069 1130 2100 csta-<ill
1207 2080 1268 2108 301
1295 2070 1407 2101 velme
1419 2071 1479 2111 (ila

142 2113 225 2153 cod.)
317 2113 455 2152 ingenio
473 2123 547 2143 esse
567 2112 599 2142 P
700 2124 764 2152 302
783 2114 830 2154 id]
852 2114 884 2144 in
901 2113 933 2143 P
1042 2124 1105 2153 303
1131 2117 1159 2143 cl
1175 2124 1238 2152 304
1258 2116 1348 2153 <post
1364 2123 1426 2152 305
1443 2116 1475 2145 in

142 2156 192 2195 A)
212 2157 427 2187 retractatorzis»
443 2167 507 2186 esse
519 2160 658 2196 possunt
757 2167 819 2196 304
844 2158 893 2187 vel
916 2167 1012 2195 mage
1103 2167 1165 2196 305
1193 2157 1367 2196 magisque
1385 2158 1417 2188 id
1433 2159 1475 2197 (2)

142 2199 208 2231 Leo
225 2213 231 2231 :
256 2201 429 2239 magisque
447 2200 479 2230 A
500 2211 506 2230 x
533 2201 636 2239 magis
651 2201 730 2240 quid
752 2202 818 2235 sj-iti
839 2200 871 2230 P
887 2202 908 2231 ii
924 2207 984 2241 pro
1002 2202 1030 2231 ei
1048 2202 1071 2232 ‚23
1229 2202 1294 2240 306
1317 2202 1354 2240 cs.
1376 2202 1473 2233 Most.

143 2254 203 2284 291
297 2249 429 2283 turpest
447 2243 478 2272 Α
603 2254 667 2283 310
691 2245 784 2285 quia]
803 2245 858 2284 qui
878 2244 910 2274 P
1017 2255 1075 2283 311
1105 2245 1158 2285 ac]
1175 2251 1207 2275 et
1225 2245 1257 2274 A
1350 2255 1413 2284 3¹2
1439 2257 1475 2275 cs

143 2292 178 2318 tu
195 2287 282 2319 codd.
303 2286 406 2318 Nonii
418 2297 449 2317 11
544 2288 662 2327 pensili
680 2288 767 2319 codd.
787 2287 893 2319 Nonii
1023 2298 1084 2327 313
1109 2289 1226 2319 amabo
1244 2289 1275 2318 A
1411 2300 1473 2328 314

144 2331 266 2371 pleffli)
286 2331 421 2370 A‚forl.
443 2334 517 2361 recte
648 2333 828 2362 sor-derunt
861 2332 893 2361 P
1045 2342 1108 2371 315
1133 2331 1269 2375 (Ans.)
1289 2334 1372 2362 cedo
1399 2333 1472 2364 Ital.

143 2375 171 2414 si
189 2375 220 2405 A
313 2376 461 2406 detcram
479 2374 636 2417 Scaliger,
652 2375 710 2405 secl
723 2375 879 2406 ancillam
897 2375 1023 2416 alloqui
1037 2376 1249 2406 Anterastilis
1266 2376 1393 2407 videtur
