1747 2740
754 159 982 196 RVDENS
1467 159 1535 196 IV.
1558 158 1604 195 iv

91 282 180 317 1130
198 278 309 309 estne
330 270 394 309 hic
414 267 610 323 uid[u]lus
638 268 705 308 ubi
733 268 925 308 cistellam
953 276 1061 308 tuam
1091 270 1218 309 inesse
1245 269 1408 308 aiebas?
1466 271 1534 307 ΡΑ.

1413 334 1444 372 is
1465 342 1533 372 est.

197 403 274 440 GR.
298 401 393 452 perii
415 403 546 440 hercle
566 414 640 451 ego
657 400 797 439 miser!
828 409 869 439 ut
890 401 987 452 priu'
1004 415 1123 451 quam
1142 403 1258 451 plane
1274 400 1423 450 aspexit
1445 399 1536 438 ilico

196 481 287 506 eum
322 481 408 506 esse
446 466 566 506 dixit!
625 469 695 505 ΡΑ.
727 466 868 505 faciam
901 480 974 516 ego
1008 468 1110 505 hanc
1146 481 1226 505 rem
1275 463 1339 516 (ex
1370 465 1535 516 procliui

1254 530 1429 582 pla>nam
1452 530 1533 569 tibi.

197 597 387 637 cistellam
408 597 471 636 isti
492 598 620 636 inesse
641 604 797 648 oportet
818 598 1010 636 caudeam
1032 597 1071 635 in
1094 597 1168 636 isto
1189 597 1337 636 uidulo.

196 662 251 701 ibi
272 675 345 712 ego
365 662 496 701 dicam
517 662 713 713 quidquid
735 662 849 701 inerit
870 662 1106 701 nominatim
1124 679 1130 700 :
1161 670 1202 700 tu
1224 662 1320 700 mihi
1554 676 1597 708 90

88 741 174 778 1135
196 729 348 766 nullum
369 728 588 767 ostenderis
604 744 612 776 3
643 728 674 766 si
695 729 791 766 falsa
812 728 943 767 dicam
965 730 1103 767 frustra
1124 728 1270 775 dixero,

196 806 267 831 uos
288 800 420 832 tamen
442 793 563 832 istaec
584 793 780 844 quidquid
802 793 864 832 isti
886 794 999 832 inerit
1020 794 1135 833 uobis
1157 793 1354 832 habebitis
1371 808 1382 841 3

195 859 265 897 sed
286 858 318 896 si
347 866 461 898 erunt
490 861 592 907 uera,
617 867 701 897 tum
732 872 897 909 opsecro
927 868 965 897 te
993 867 1034 897 ut
1065 872 1153 898 mea
1183 858 1280 897 mihi
1307 859 1532 897 reddantur.

1283 926 1360 962 DA.
1393 925 1533 974 placet.

193 989 253 1028 ius
284 1004 436 1029 merum
466 1004 553 1029 oras
584 1004 673 1029 meo
703 989 866 1041 quidem
896 989 1041 1029 animo.
1102 992 1179 1029 GR.
1212 990 1250 1028 at
1282 1003 1371 1028 meo
1404 991 1535 1028 hercle

1302 1054 1530 1107 (iniuriam).

191 1121 289 1172 quid
310 1121 342 1160 si
363 1121 436 1160 ista
456 1129 523 1160 aut
545 1120 817 1172 superstitiosa
836 1128 904 1159 aut
925 1120 1111 1159 hariolast
1131 1128 1250 1171 atque
1272 1120 1407 1159 omnia
1552 1134 1593 1165 95

84 1201 175 1237 1140
192 1188 389 1238 quidquid
410 1187 502 1226 insit
522 1201 615 1226 uera
635 1187 770 1226 dicet?
799 1186 892 1225 idne
912 1186 1076 1225 habebit
1097 1185 1275 1224 hariola?

194 1256 271 1292 DA.
305 1267 386 1293 non
406 1255 503 1292 feret
523 1253 598 1292 nisi
619 1266 712 1292 uera
731 1252 838 1291 dicet
855 1269 861 1291 :
892 1251 1134 1302 nequiquam
1157 1251 1422 1290 hariolabitur.

194 1321 304 1358 solue
326 1319 505 1358 uidulum
527 1332 630 1370 ergo,
654 1328 698 1356 ut
717 1318 813 1368 quid
836 1317 884 1356 sit
905 1331 1042 1356 uerum
1065 1331 1184 1367 quam
1206 1318 1376 1368 primum
1398 1318 1531 1357 sciam.

195 1386 272 1424 GR.
319 1386 395 1424 hoc
434 1385 566 1432 habet,
607 1385 787 1423 solutust.
878 1385 954 1421 DA.
997 1383 1114 1434 aperi.
1176 1383 1295 1422 uideo
1329 1384 1532 1423 cistellam.

1303 1449 1535 1488 haecinest?

193 1517 262 1554 ΡΑ.
295 1516 415 1555 istaec
436 1524 505 1555 est.
565 1529 589 1554 0
611 1516 688 1554 mei
710 1523 903 1566 parentes
928 1514 992 1553 hic
1014 1528 1085 1552 uos
1107 1516 1317 1553 conclusos
1337 1528 1440 1565 gero,
1559 1532 1619 1554 100

84 1594 169 1632 1145
192 1583 269 1620 huc
291 1595 467 1633 opesque
489 1595 659 1633 spesque
681 1589 858 1620 nostrum
881 1582 1206 1631 cognoscendum
1229 1581 1404 1619 condidi.

192 1649 269 1687 GR.
302 1656 387 1686 tum
408 1648 479 1686 tibi
500 1649 631 1687 hercle
651 1649 748 1687 deos
770 1647 887 1685 iratos
909 1660 994 1685 esse
1015 1654 1181 1697 oportet,
1205 1646 1384 1696 quisquis
1405 1661 1458 1694 eS,

190 1728 293 1765 quae
313 1722 494 1765 parentes
516 1715 595 1752 tzim
617 1713 656 1752 in
678 1721 888 1763 angustum
911 1721 998 1750 tuos
1020 1714 1151 1750 locum
1174 1712 1430 1763 compegeris.

193 1783 269 1819 DA.
303 1781 435 1831 Gripe,
467 1781 614 1818 accede
644 1781 746 1823 huc;
780 1787 847 1817 tua
874 1792 933 1817 res
963 1778 1100 1828 agitur.
1162 1786 1215 1825 tu,
1245 1780 1386 1828 puella,
1417 1779 1532 1817 istinc

1394 1846 1531 1895 procul

190 1913 312 1952 dicito
334 1913 431 1963 quid
452 1912 543 1950 insit
564 1920 603 1951 et
623 1925 701 1962 qua
722 1911 830 1958 facie,
855 1917 1075 1948 memorato
1096 1909 1241 1947 onmia.
1554 1924 1612 1956 105

84 1992 172 2029 1150
191 1979 221 2017 si
243 1980 374 2017 hercle
394 1978 590 2017 tantillum
612 1976 816 2028 peecassis,
841 1976 950 2026 quod
971 1974 1164 2025 posterius
1185 1976 1361 2025 postules

237 2093 249 2113 1
261 2093 321 2122 130
344 2083 394 2114 vel
407 2083 520 2113 aibas:
544 2082 654 2113 aiebat
671 2080 844 2112 Fleckeisen
962 2088 1039 2117 1131
1070 2078 1118 2108 vel
1134 2079 1180 2108 uti
1271 2081 1388 2117 aspexi
1406 2078 1438 2108 Β
1454 2081 1461 2099 v‘
1469 2084 1531 2118 pro

188 2128 253 2159 -xti
268 2129 291 2166 Ζ)
388 2137 469 2166 1132
488 2127 555 2156 dixi
573 2125 605 2156 Β
623 2127 700 2165 (pro
714 2125 777 2155 -xti
790 2125 814 2164 ἲ)
877 2122 1035 2152 lacunam
1058 2123 1091 2152 in
1113 2121 1181 2152 cod.
1201 2123 1306 2162 suppl.
1322 2126 1398 2162 post
1416 2122 1530 2152 Came-

190 2172 318 2202 rarium
346 2171 543 2201 Gulielmius
656 2178 738 2208 1133
762 2167 895 2198 isticine
924 2176 1000 2197 esse
1026 2165 1095 2196 cod,
1185 2167 1352 2205 gaudeam
1377 2166 1442 2197 cod.
1472 2167 1527 2205 (cs

194 2217 291 2255 1109)
402 2225 413 2244 1
424 2215 484 2253 136
508 2224 569 2244 uos
581 2218 694 2244 tamen
712 2213 786 2242 istic
798 2211 961 2251 quidquid
976 2210 1075 2240 inerit
1093 2209 1189 2240 uobis
1201 2208 1347 2252 (omne)
1364 2210 1530 2240 habebitis

188 2258 323 2300 Seyffem
478 2268 558 2296 1137
583 2258 643 2287 sed
656 2257 714 2287 del.
735 2255 880 2294 Mueller,
902 2254 1052 2293 rhythmo
1068 2254 1238 2284 consulens
1336 2264 1442 2284 meam
1460 2254 1530 2285 cod.

193 2305 274 2342 1138
298 2303 453 2334 iniuriam
485 2301 590 2342 suppl.
627 2300 838 2331 Camerarius
991 2307 1072 2335 ¹¹40
1095 2298 1195 2327 inerit
1221 2296 1363 2328 Mueller
1450 2297 1530 2328 idne

190 2348 324 2388 scripsi:
349 2348 382 2376 in
400 2357 452 2376 me
469 2347 536 2376 cod.
560 2350 634 2385 (pro
650 2345 743 2382 inne,
756 2346 774 2375 i.
788 2355 812 2373 e.
834 2343 929 2382 idne)
948 2354 954 2372 :
978 2352 1065 2372 anne
1084 2341 1169 2371 Valla
1262 2352 1341 2380 1141
1369 2341 1530 2372 ariolatur

190 2390 256 2422 cod.
275 2403 281 2422 :
306 2402 384 2422 corr.
401 2389 541 2429 Pylades
645 2398 724 2427 1142
748 2388 830 2427 quid
859 2386 1090 2417 Camerarius:
1125 2385 1183 2424 qui
1200 2385 1281 2424 quid
1308 2384 1369 2425 (Β)
1388 2386 1437 2415 vel
1452 2386 1528 2424 quic

191 2435 270 2474 quid
290 2435 393 2473 (PCD)
412 2434 478 2465 cod.
587 2442 667 2473 1143
692 2432 838 2463 solutum
856 2436 907 2463 est
923 2430 990 2462 cod.
1104 2439 1183 2470 1144
1210 2430 1252 2459 mi
1271 2429 1337 2460 cod.
1447 2439 1529 2471 1150

192 2480 338 2523 posteris
355 2478 419 2510 (oa'.
