1747 2740
626 136 798 179 MILES
829 141 1144 180 GLORIOSVS
1476 141 1554 183 111.
1575 142 1606 181 ii

131 254 197 301 845
218 256 308 299 post
326 247 384 301 (e)
402 248 536 299 sagina
557 263 630 299 ego
651 250 768 289 eiciar
792 250 956 299 cellaria,

218 321 261 352 ut
280 313 363 360 tibi,
386 313 417 351 si
438 322 650 363 promptes,
674 315 795 353 alium
818 317 1078 367 subpromum
1104 330 1226 367 pares.

219 381 286 417 PA.
319 392 399 417 non
421 379 566 428 edepol
587 381 740 419 faciam.
800 395 871 432 age
892 383 1078 432 eloquere
1098 385 1287 421 audacter
1308 383 1416 422 mihi.

216 446 287 482 Lv.
320 458 539 494 numquam
562 446 706 495 edepol
727 445 809 485 uidi
831 447 1021 497 promere.
1082 462 1220 487 uerum
1241 450 1319 488 hoc
1340 457 1445 489 erat:

215 509 311 548 mihi
333 510 562 561 imperabat,
587 525 660 562 ego
682 513 914 562 promebam
937 522 1085 564 postea.
1576 527 1613 559 35

128 577 197 621 850
215 578 284 614 PA.
317 577 393 615 hoc
414 576 469 614 illi
489 577 628 616 crebro
649 578 778 629 capite
798 578 990 618 sistebant
1010 579 1109 618 cadi.

214 644 285 680 Lv.
318 656 399 681 non
421 643 552 682 hercle
574 651 654 682 tam
676 643 775 683 istoc
797 645 928 684 ualide
950 645 1157 684 cassabant
1179 645 1268 685 cadi
1285 661 1296 695 3

212 709 282 747 sed
304 708 343 747 in
364 708 462 748 ce‘lla
479 717 559 748 erat
580 712 758 761 paullum
780 711 887 749 nimi'
908 711 1026 750 loculi
1049 712 1199 759 lubrici,

211 773 266 812 ibi
286 781 367 813 erat
388 774 538 813 bilibris
559 777 650 814 aula
670 775 726 815 sic
746 784 907 827 propter
927 778 1059 824 cadOS‚

211 853 257 878 ea
277 853 394 890 saepe
414 839 576 879 deciens
598 842 896 891 complebatur:
926 841 1009 881 uidi
1031 856 1118 881 eam
1569 854 1612 885 40

125 909 188 954 855
210 905 369 955 plenam
389 912 509 955 atque
531 905 690 945 inanem
713 906 794 945 fieri
813 921 823 955 3
853 907 972 958 opera
993 921 1187 956 maxuma,

210 969 277 1008 ubi
299 971 568 1010 bacchabatur
588 974 689 1020 aula,
713 973 922 1011 cassabant
943 973 1042 1012 cadi.

210 1037 279 1074 PA.
311 1036 388 1083 abi,
410 1036 476 1074 abi
498 1038 600 1076 intro
622 1037 711 1076 iam.
772 1052 844 1077 uos
866 1038 905 1076 in
927 1041 1025 1077 cella
1046 1039 1195 1078 uinaria

209 1101 428 1140 bacchanal
448 1102 584 1142 facitis.
644 1103 722 1141 iam
744 1105 875 1142 hercle
896 1118 969 1154 ego
990 1104 1100 1142 illum
1122 1105 1321 1144 adducam
1342 1121 1365 1145 a
1385 1108 1480 1146 foro.

211 1169 281 1206 LV.
314 1168 434 1218 perii!
466 1169 707 1208 excruciabit
729 1183 793 1208 me
814 1183 913 1217 eruS,
937 1172 1103 1209 domum
1125 1171 1155 1210 si
1178 1172 1341 1220 uenerit,
1568 1186 1609 1220 45

122 1236 192 1272 860
209 1247 333 1284 quom
354 1235 452 1274 haec
473 1236 576 1274 facta
596 1235 722 1283 scibit,
746 1236 840 1286 quia
860 1235 935 1274 sibi
955 1250 1034 1274 non
1059 1236 1236 1276 dixerim.

208 1299 355 1350 fugiam
377 1301 508 1340 hercle
528 1301 663 1352 aliquo
684 1293 804 1351 atque
826 1302 903 1340 hoc
924 1300 963 1339 in
985 1301 1091 1340 diem
1114 1304 1299 1341 extollam
1320 1306 1480 1343 malum.

207 1380 258 1405 ne
278 1366 461 1413 dixeritis,
486 1381 662 1418 opsecro,
686 1367 790 1415 huic,
814 1375 987 1406 uostram
1010 1369 1130 1406 fidem
1151 1371 1158 1407 t

208 1434 277 1471 PA.
309 1446 390 1483 quo
411 1434 452 1471 tti
472 1433 584 1483 agis?
643 1435 713 1472 Lv.
747 1433 889 1472 missus
906 1447 992 1472 sum
1010 1433 1087 1473 alio
1106 1449 1113 1473 ε
1144 1434 1222 1473 iam
1243 1436 1322 1474 huc
1343 1450 1545 1476 reuenero.

209 1500 278 1537 PA.
311 1498 398 1549 quis
429 1498 564 1538 misit?
627 1501 697 1538 LV.
733 1499 1083 1539 Philocomasium.
1155 1503 1224 1539 ΡΑ.
1257 1501 1333 1549 abi,
1367 1510 1545 1541 actutum
1568 1513 1612 1545 50

1450 1569 1543 1609 redi.

120 1636 185 1681 865
207 1632 279 1670 LV.
310 1644 459 1682 quaeso
480 1639 614 1671 tamen
634 1634 676 1671 tu
697 1645 826 1671 meam
847 1640 1010 1683 partem,
1033 1632 1292 1672 infortunium

250 1738 313 1777 845
338 1749 357 1768 e
380 1737 457 1770 add.
480 1738 608 1769 Ritsclzl
630 1738 677 1778 (A
706 1749 737 1770 n.
763 1738 803 1778 l.)
830 1739 867 1776 (i.
895 1741 930 1778 7]
1033 1739 1118 1770 eicia
1144 1738 1184 1779 P,
1211 1739 1244 1768 A
1269 1751 1301 1770 π.
1329 1739 1346 1770 Ι.
1481 1741 1546 1780 846

205 1783 348 1822 promtis
373 1783 518 1823 <proptis
543 1782 635 1822 PCD)
654 1782 692 1819 P,
713 1783 746 1813 A
768 1793 799 1814 τι.
819 1783 838 1813 l.
858 1794 864 1813 :
889 1784 1059 1823 prompsis
1084 1783 1218 1813 Ribbeck
1350 1783 1544 1823 subpromis

204 1827 295 1867 paris
319 1827 353 1857 P
483 1828 545 1866 847
571 1832 650 1866 aget
667 1827 708 1865 P,
722 1827 754 1857 A
775 1838 807 1858 ιι.
829 1827 847 1858 l.
935 1828 1000 1866 849
1025 1827 1203 1867 inperauat
1223 1827 1255 1868 ti.
1271 1838 1293 1858 e.
1318 1828 1401 1858 —bat‘=
1423 1829 1542 1869 (impe-

205 1871 292 1901 rauit
307 1871 353 1911 Β)
365 1871 405 1911 P,
419 1871 452 1901 A
467 1882 497 1902 u.
511 1872 534 1902 l.
669 1872 734 1910 850
757 1871 822 1902 hoc
835 1871 938 1902 Brix:
965 1871 1019 1902 hic
1030 1871 1070 1905 P,
1084 1871 1117 1900 A
1131 1883 1163 1902 n.
1178 1871 1197 1902 l.
1291 1871 1336 1901 illi
1352 1872 1451 1903 cebro
1468 1872 1503 1913 (i.
1516 1883 1542 1906 e.

204 1915 339 1955 crebro)
358 1919 393 1945 ul
404 1915 464 1948 vid.
484 1915 517 1945 Ρ
532 1914 708 1957 (illecebro
722 1915 762 1955 B,
784 1915 831 1946 illi
846 1915 978 1946 celebro
996 1914 1068 1945 ΡΠ)
1089 1940 1096 1952 ,
1109 1915 1141 1944 A
1163 1927 1192 1946 n.
1211 1915 1231 1946 l.
1322 1916 1461 1947 sistebat
1479 1916 1540 1957 (Β)

203 1959 253 1990 vel
271 1959 414 1990 sistebas
434 1959 538 1999 (ΡΕΒ)
551 1959 585 1989 Ρ
724 1961 783 1999 851
813 1971 878 1992 om.
894 1960 926 1990 A
948 1960 1008 1992 kiii.
1030 1960 1081 1990 η)
1197 1960 1374 1991 cassabant
1391 1960 1541 1999 vaadcs:

202 2008 359 2034 cassauat
384 2004 544 2045 (cessauit
562 2004 608 2044 Β)
626 2004 691 2036 cod.
837 2006 900 2044 852
926 2006 990 2035 erit
1018 2015 1047 2044 p.
1070 2003 1108 2043 P,
1137 2004 1170 2034 A
1191 2016 1221 2035 n.
1242 2003 1283 2036 l.:
1309 2004 1446 2043 paulum
1469 2009 1542 2035 erat

202 2046 294 2081 Bm'x,
314 2058 395 2079 nam
413 2050 485 2078 erat
504 2047 639 2087 paulum
655 2048 798 2089 displicet
916 2051 979 2088 853
1005 2048 1080 2080 aula
1101 2049 1186 2088 t-lla)
1204 2049 1253 2079 sic
1273 2048 1418 2078 Ritsclil:
1443 2048 1541 2079 auilis

202 2091 256 2121 hic
273 2091 313 2131 P,
334 2091 366 2122 A
383 2103 414 2123 n.
433 2092 454 2123 l.
589 2095 664 2132 854,
679 2094 743 2132 855
769 2094 1005 2134 compleuatur
1026 2095 1130 2134 (-ct111·
1143 2092 1188 2131 Β)
1209 2094 1262 2123 die
1282 2092 1330 2122 Ea
1349 2092 1481 2132 plenam
1498 2091 1537 2131 P,

201 2134 234 2164 A
261 2146 294 2167 n.
323 2136 366 2166 l.:
389 2147 465 2168 corr.
489 2136 576 2168 Leo:
613 2148 638 2167 c.
667 2138 700 2167 in
730 2138 784 2168 dic·
809 2138 936 2168 thsclil
957 2137 1052 2168 deleto
1078 2148 1174 2168 vcrsu
1203 2138 1347 2176 sequenti
1476 2137 1538 2174 854

202 2181 449 2219 complebatur,
468 2181 608 2211 deciens
629 2182 669 2222 (3)
688 2180 763 2221 Leo,
779 2182 859 2220 sort.
884 2186 960 2212 recte
1092 2183 1155 2220 855
1182 2181 1283 2221 plena
1304 2191 1460 2211 maxuma
1485 2179 1539 2210 P:

201 2223 336 2262 plenam
354 2235 510 2254 maxume
522 2224 587 2255 Leo
719 2227 784 2264 856
806 2226 880 2257 auia
899 2226 1053 2256 cassabat
1066 2225 1098 2255 Ρ
1229 2226 1293 2264 858
1314 2225 1421 2265 illum]
1441 2233 1536 2254 erum

201 2267 233 2296 P
313 2268 478 2298 adducata
493 2270 575 2307 (-cta
592 2268 638 2309 Β)
654 2269 725 2299 fore
740 2269 773 2299 P
873 2271 938 2300 860
963 2271 1086 2300 dixerit
1098 2269 1130 2300 Ρ
1231 2270 1380 2308 861—994
1406 2268 1534 2298 dc1·s·.‘A

202 2312 263 2341 861
291 2312 380 2341 diem
399 2312 610 2343 Camerarius
626 2324 632 2343 ε
657 2313 710 2344 die
727 2313 792 2344 cod.
894 2313 1035 2344 extollat
1054 2312 1119 2345 (od.
1258 2313 1321 2343 862
1348 2324 1390 2343 ne
1407 2312 1483 2342 huic
1501 2313 1532 2343 d.

194 2354 378 2396 Kellcrlmff
478 2362 592 2387 nostra
616 2357 683 2388 cod.
838 2359 901 2396 863
931 2362 1012 2397 quot
1038 2363 1071 2388 tu
1097 2358 1162 2389 sod.
1274 2360 1385 2400 aliquo
1412 2361 1535 2402 Ilmrpt

194 2400 256 2438 865
282 2400 482 2431 insortinum
500 2401 565 2431 cod.
