1747 2740
170 136 223 175 ΙΙ.

186 528 227 550 20

187 985 228 1018 2⁵

187 1377 227 1406 30

187 1770 229 1802 35

248 136 261 174 i
659 139 706 175 T.
740 137 923 176 MACCI
955 138 1160 175 PLAVTI

299 249 563 288 harundinem
586 251 657 288 fert
679 250 977 300 sportulamque
998 256 1036 288 et
1057 250 1264 288 hamulum
1285 249 1506 300 piscarium.

300 317 358 352 P1.
391 316 461 353 sed
497 316 670 362 tandem,
702 315 854 366 opinor,
886 314 1069 365 aequiust
1102 328 1210 353 eram
1245 314 1341 352 mihi
1376 328 1461 354 esse
1495 329 1582 366 sup·
1600 331 1671 367 290

1439 379 1581 431 plicem

298 453 418 496 atque
434 454 608 484 oratores
626 446 779 484 mittere
795 447 846 483 ad
865 459 927 484 me
948 446 1135 495 donaque
1149 459 1197 483 ex
1211 459 1308 483 auro
1321 452 1359 483 et
1375 444 1582 496 quadrigas

354 510 421 560 qui
453 512 584 559 uehar,
617 525 709 549 nam
739 511 909 561 pedibus
941 510 995 549 ire
1024 524 1106 549 non
1136 523 1253 560 queo.
1311 523 1404 560 ergo
1431 514 1582 550 †nam†

1396 583 1580 614 reuortar.

354 642 405 680 ad
427 655 491 680 me
511 641 608 680 adiri
630 649 667 680 et
689 641 900 692 supplicari
922 649 1079 692 egomet
1100 640 1198 679 mihi
1217 653 1390 691 aequom
1411 653 1567 680 censeo.

300 720 350 745 an
372 720 466 745 uero
488 721 610 758 nugas
628 720 803 755 censeas,
828 706 924 744 nihil
945 720 1030 744 esse
1051 707 1160 756 quod
1181 720 1254 756 ego
1275 719 1382 744 nune
1403 706 1518 747 scio?

300 779 453 811 tantum
487 786 511 810 a
544 780 660 824 portu
694 774 864 823 adporto
899 773 1061 820 bonum,
1096 781 1176 811 tam
1210 772 1400 824 gaudium
1435 775 1583 824 grande
1602 789 1667 827 295

726 889 730 891 4
1432 839 1579 886 adfero,

303 903 368 942 uix
389 902 474 954 ipsa
493 903 658 942 domina
678 905 766 951 hoc,
789 903 864 942 nisi
886 903 993 951 sciat,
1017 911 1203 954 exoptare
1223 904 1274 943 ab
1295 903 1356 943 dis
1375 904 1530 943 audeat.

303 982 410 1007 nunc
439 970 540 1007 ultro
570 969 611 1007 id
641 969 878 1019 deportem?
915 970 993 1007 hau
1023 970 1151 1019 placet
1178 982 1309 1020 neque
1337 969 1377 1008 id
1404 969 1476 1007 uiri
1503 969 1584 1008 offi-

1278 1034 1383 1073 cium
1403 1034 1579 1073 arbitror.

301 1099 357 1138 sic
378 1101 454 1138 hoc
475 1099 632 1138 uidetur
653 1099 749 1138 mihi
770 1099 894 1151 magis
915 1113 1007 1139 meo
1027 1099 1243 1139 conuenire
1263 1099 1356 1139 huic
1377 1099 1542 1139 nuntio:

298 1167 513 1204 aduersum
535 1165 678 1213 ueniat,
702 1173 882 1216 opsecret
903 1179 944 1205 se
965 1173 1007 1204 ut
1028 1165 1169 1204 nuntio
1189 1166 1267 1204 hoc
1288 1165 1508 1217 impertiam
1524 1180 1536 1214 ,·

407 1232 601 1269 secundas
622 1232 798 1269 fortunas
818 1232 962 1269 decent
982 1230 1201 1281 superbiae.
1599 1244 1668 1279 300

300 1297 370 1335 sed
391 1297 552 1335 tandem
569 1310 692 1347 quom
709 1296 893 1347 recogito,
913 1295 979 1347 qui
1000 1295 1129 1346 potuit
1150 1295 1248 1334 scire
1264 1297 1362 1335 haec
1379 1295 1477 1335 seire
1493 1299 1581 1336 me?

354 1374 435 1400 non
470 1361 576 1400 enim
612 1375 774 1412 possum
810 1361 906 1412 quin
946 1368 1131 1409 reuortar,
1168 1361 1264 1412 quin
1300 1363 1448 1412 loquar,
1486 1362 1582 1413 quin

1350 1426 1580 1466 edissertem

299 1505 486 1543 eramque
507 1506 554 1531 ex
575 1505 750 1531 maerore
771 1492 951 1540 eximam,
976 1492 1079 1531 bene
1101 1493 1203 1531 facta
1224 1492 1417 1531 maiorum
1447 1506 1579 1532 meum

300 1571 513 1608 exaugeam
528 1565 647 1608 atque
663 1557 769 1596 illam
783 1570 949 1607 augeam
971 1557 1181 1607 insperato,
1197 1566 1425 1608 opportuno
1439 1561 1579 1598 modo:

301 1624 546 1662 contundam
569 1624 671 1662 facta
687 1622 877 1661 Talthubi
895 1631 1232 1673 contemnamque
1248 1624 1378 1662 omnis
1395 1624 1556 1663 nuntios
1573 1640 1581 1673 ;
1602 1637 1666 1674 305

302 1688 499 1738 simulque
519 1689 570 1726 ad
591 1701 790 1727 cursuram
813 1688 1036 1726 meditabor
1057 1702 1119 1727 me
1139 1689 1190 1727 ad
1212 1690 1327 1728 ludos
1349 1689 1567 1741 Olympios.

302 1756 372 1793 sed
403 1754 572 1805 spatium
603 1755 680 1792 hoc
709 1753 878 1806 oecidit:
919 1754 1077 1792 breuest
1106 1753 1300 1793 curriculo
1315 1769 1326 1803 ;
1363 1768 1483 1806 quam
1518 1770 1582 1795 me

1380 1821 1553 1871 paenitet
1574 1825 1580 1860 !

300 1885 397 1936 quid
418 1886 525 1924 hoc?
554 1886 753 1924 occlusam
775 1885 933 1924 ianuam
956 1885 1086 1924 uideo.
1137 1885 1204 1925 ibo
1220 1893 1258 1925 et
1279 1887 1443 1936 pultabo
1464 1888 1576 1926 fores.

245 1950 393 2002 aperite
413 1957 532 2000 atque
553 1951 824 2001 adproperate,
847 1951 949 1989 fores
977 1950 1092 1989 facite
1113 1959 1155 1989 ut
1182 1958 1356 2001 pateant,
1377 1960 1579 1991 remouete

1403 2030 1552 2056 moram
1568 2032 1579 2065 3

292 2122 357 2161 289
380 2121 514 2152 hamum
534 2120 567 2150 A
580 2121 652 2152 PCD
742 2131 805 2161 290
829 2120 884 2151 vix
900 2120 1003 2161 opino
1095 2130 1155 2159 291
1183 2121 1374 2160 donamque
1392 2120 1425 2151 A
1516 2131 1579 2161 292

248 2176 329 2205 ergo
347 2166 410 2196 iam
428 2164 502 2196 Ital.
520 2165 623 2205 :sort.
650 2175 754 2204 ergon
781 2165 845 2195 iam
874 2164 1126 2206 gr'nlermgan've)
1149 2165 1198 2195 vel
1220 2175 1301 2204 ergo
1318 2175 1397 2195 num
1416 2175 1507 2203 (nam
1528 2166 1580 2197 Ax

249 2219 312 2249 293
337 2219 389 2240 me
412 2209 506 2239 adire
531 2209 564 2239 A
580 2220 585 2240 :
613 2219 666 2239 me
691 2209 730 2239 iri
748 2208 781 2239 P
794 2208 877 2248 (pro
893 2209 967 2239 med
995 2209 1035 2238 iri
1050 2209 1075 2246 ἲ)
1180 2208 1370 2248 supplicare
1389 2208 1453 2245 (vel
1467 2209 1525 2238 -ri‘i
1543 2209 1577 2239 A

248 2253 298 2285 vel
312 2253 354 2283 mi
454 2262 579 2283 censeo
598 2263 716 2284 aecum
743 2251 776 2282 Ρ
927 2262 990 2292 295
1014 2263 1032 2282 a
1051 2263 1118 2284 om.
1142 2252 1175 2282 P
1271 2252 1389 2282 adsero
1405 2253 1532 2291 grande
1551 2252 1583 2283 Ρ

249 2298 312 2336 296
336 2297 408 2327 nesi
426 2307 472 2328 sc.
491 2297 523 2327 Β
542 2296 673 2337 Κ,[ονιηα
690 2296 842 2336 antiqua)
862 2307 868 2326 :
894 2296 1016 2336 niscias
1033 2297 1098 2335 (-at
1111 2296 1135 2331 ἲ)
1152 2295 1186 2325 Α
1279 2296 1347 2326 dist
1363 2294 1396 2325 Ρ
1514 2306 1577 2335 297

250 2340 299 2381 id]
325 2341 388 2372 hoc
405 2340 438 2371 Ρ
525 2339 606 2380 uiri]
624 2351 706 2371 uero
723 2339 756 2370 Ρ
841 2340 905 2378 298
929 2341 992 2370 sic]
1012 2340 1065 2370 hic
1083 2338 1115 2369 Ρ
1199 2338 1294 2380 huic]
1314 2339 1378 2382 hue
1395 2338 1428 2369 P
1513 2349 1579 2379 299

250 2385 384 2425 ueniat]
403 2390 438 2415 ut
457 2385 570 2416 ueniat
587 2384 619 2415 Ρ
747 2393 810 2422 302
835 2384 890 2423 qui
910 2393 961 2413 me
983 2384 1093 2413 dissei·
1105 2389 1137 2414 te
1154 2382 1188 2413 Ρ
1315 2393 1377 2422 304
1402 2393 1443 2412 ex
1466 2383 1577 2422 inspe-

251 2434 322 2459 rato
340 2429 370 2459 Ρ
458 2427 572 2468 modo]
593 2429 691 2458 domo
707 2427 739 2457 A
756 2439 762 2458 ε
786 2427 873 2457 bono
889 2425 1084 2457 Gulielmius
1102 2427 1152 2465 (cfi
1168 2427 1232 2465 338
1249 2427 1337 2456 domi
1350 2433 1413 2467 pro
1429 2427 1508 2457 boni
1524 2427 1576 2468 A)

250 2475 315 2512 306
337 2473 388 2503 vel
401 2473 494 2504 troclz.
515 2477 668 2512 septenam
761 2471 802 2501 ad
817 2476 844 2501 et
861 2481 911 2504 me
929 2470 985 2502 del.
1007 2470 1132 2502 Ritscht
1219 2469 1375 2511 olimpiae
1393 2469 1424 2503 Ρ
