1747 2740
727 142 903 181 PERSA
1411 139 1479 177 IV.
1501 139 1562 175 vii

150 256 353 296 inimicum
376 255 520 295 ulcisci.
581 258 672 295 SAT.
705 254 796 293 ecce
818 267 891 292 me.
951 252 1146 302 numquid
1168 253 1328 290 moror?

149 325 223 362 To.
255 337 341 373 age,
362 323 453 361 illuc
473 323 644 372 apscede
666 322 802 371 procul
823 333 844 358 e
865 326 1093 369 conspectu,
1117 326 1202 356 tace
1217 333 1227 366 3

150 388 218 428 ubi
239 403 330 427 cum
350 390 494 427 lenone
514 400 578 425 me
600 384 753 424 uidebis
774 383 972 434 conloqui,

149 463 234 493 tum
255 455 410 493 turbam
431 453 559 491 facito.
619 453 710 489 SAG.
743 450 894 489 dictum
916 449 1081 500 sapienti
1103 457 1160 488 sat
1181 457 1249 488 est.

61 528 131 564 730
149 521 223 558 TO.
256 527 361 566 tunc,
377 519 538 569 quando
558 516 842 555 abiero—Sim.
875 514 971 565 quin
993 516 1127 552 taces?
1157 513 1238 551 scio
1260 515 1355 563 quid
1372 513 1478 551 uelis.
1505 529 1545 550 20

454 630 759 666 DORDALvs
925 627 1176 663 ToxiLvs
1502 627 1579 663 viii

149 714 225 751 Do.
258 710 465 749 Transcidi
486 709 578 748 loris
598 708 727 747 omnis
749 707 968 746 adueniens
989 706 1109 753 domi,

146 776 200 815 ita
219 776 316 815 mihi
337 777 512 827 supellex
532 776 685 825 squalet
705 782 825 824 atque
845 774 965 811 aedes
986 786 1108 811 meae.

146 843 221 880 To.
254 841 357 880 redis
378 849 420 879 tu
441 841 634 879 tandem?
680 840 756 876 Do.
790 839 920 877 redeo.
982 839 1056 875 To.
1089 836 1138 875 ne
1160 849 1233 886 ego
1254 835 1374 874 hodie
1395 835 1466 873 tibi

147 907 253 945 bona
274 908 397 944 multa
416 905 501 944 feci.
563 907 639 943 Do.
672 905 806 950 fateor,
832 903 962 941 habeo
981 902 1156 952 gratiam.

59 979 124 1016 735
146 974 221 1010 ΤΟ.
253 985 350 1010 num
371 970 574 1021 quippiam
595 969 703 1008 aliud
726 983 788 1008 me
810 968 899 1007 uis?
944 970 1021 1006 Do.
1054 975 1097 1005 ut
1117 967 1220 1005 bene
1240 966 1289 1004 sit
1309 965 1389 1004 tibi.
1505 974 1521 1004 5

146 1038 221 1074 TO.
253 1037 319 1086 pol
342 1037 440 1074 istuc
461 1035 624 1085 quidem
645 1048 764 1073 omen
786 1034 863 1072 iz'tm
886 1047 959 1083 ego
979 1032 1180 1083 usurpabo
1200 1030 1322 1077 domi,

146 1115 239 1140 nam
260 1101 337 1140 iam
358 1100 558 1139 inclinabo
579 1114 643 1138 me
663 1113 754 1138 cum
776 1099 914 1137 liberta
935 1106 1012 1137 tua.

332 1213 580 1251 SATVRIO
691 1212 875 1248 V1Roo
988 1211 1293 1247 DORDALvs
1499 1206 1546 1243 ix

145 1297 235 1334 SAT.
269 1293 355 1333 Nisi
376 1295 449 1344 e'go
469 1293 590 1331 illunc
611 1292 816 1331 hominem
837 1293 971 1342 perdo,
995 1291 1101 1342 perii.
1161 1298 1280 1340 atque
1302 1299 1464 1339 optume

146 1374 284 1400 eccum
306 1359 434 1409 ipsum
455 1366 547 1397 ante
567 1359 698 1397 aedes.
759 1359 823 1395 V1.
858 1359 965 1396 salue
987 1358 1168 1403 multum,
1192 1355 1245 1393 mi
1267 1364 1385 1405 pater.

59 1437 128 1472 740
147 1427 236 1464 SAT.
269 1426 388 1471 salue,
412 1437 500 1462 mea
519 1431 646 1474 gnata.
709 1425 785 1461 DO.
819 1422 853 1461 ei
872 1425 878 1460 ἒ
910 1425 1028 1461 Persa
1048 1436 1111 1460 me
1132 1435 1291 1471 pessum
1314 1421 1434 1460 dedit.

146 1493 211 1528 V1.
252 1497 362 1540 pater
399 1488 463 1527 hic
502 1502 614 1527 meus
653 1496 722 1527 est.
784 1490 858 1527 Do.
901 1489 1004 1534 hem,
1032 1487 1158 1538 quid?
1201 1488 1339 1538 pater?
1387 1487 1481 1537 perii

1309 1552 1458 1603 oppido
1476 1555 1482 1590 l

146 1620 243 1672 quid
263 1634 336 1671 ego
356 1619 471 1670 igitur
491 1633 602 1658 cesso
623 1618 756 1658 infelix
776 1618 1024 1657 lamentarier
1504 1628 1521 1659 5

147 1686 273 1725 minas
294 1684 524 1735 sexaginta?
572 1686 662 1723 SAT.
696 1697 769 1734 ego
790 1684 856 1734 pol
878 1691 915 1721 te
936 1682 1088 1731 faciam,
1112 1684 1250 1730 scelus,

147 1759 185 1791 te
205 1765 366 1802 quoque
387 1750 505 1789 etiam
526 1749 655 1801 ipsum
677 1757 720 1787 ut
740 1748 974 1787 lamenteris.
1037 1750 1113 1786 Do.
1145 1748 1298 1787 occidi!

60 1827 126 1864 745
147 1819 237 1857 ΞΑΤ.
270 1831 341 1867 age
361 1816 522 1855 ambula
542 1815 582 1854 in
604 1815 673 1862 ius,
698 1817 799 1854 leno.
862 1816 938 1853 Do.
971 1814 1068 1865 quid
1090 1828 1153 1853 me
1173 1814 1213 1852 in
1234 1814 1294 1852 ius
1314 1815 1464 1852 uocas?

147 1885 237 1922 SAT.
270 1882 324 1920 illi
344 1882 452 1932 apud
472 1889 692 1932 praetorem
714 1880 855 1920 dicam.
916 1881 987 1919 sed
1008 1894 1081 1929 ego
1101 1879 1140 1917 in
1162 1879 1221 1917 ius
1242 1893 1355 1918 uoco.

148 1950 223 1987 Do.
256 1962 390 1987 nonne
410 1946 645 1986 antestaris?
692 1948 782 1986 SAT.
816 1954 910 1985 tuan
931 1960 1005 1996 ego
1025 1959 1173 1992 caussa,
1196 1946 1392 1991 carnufex‚
1504 1957 1542 1979 10

145 2013 361 2065 quoiquam
383 2012 537 2051 mortali
558 2012 681 2050 libero
701 2011 804 2050 auris
824 2020 1000 2058 atteram,

145 2079 213 2130 qui
233 2079 297 2117 hic
318 2077 593 2117 commercaris
613 2077 710 2115 ciuis
731 2077 912 2116 homines
933 2077 1105 2115 liberos?

61 2154 127 2191 750
147 2145 224 2183 Do.
280 2143 364 2182 sine
406 2142 546 2181 dicam.
612 2143 702 2181 SAT.
749 2143 853 2180 nolo.
920 2143 996 2179 Do.
1042 2141 1144 2179 audi.
1205 2143 1295 2179 SAT.
1340 2143 1480 2180 surdus

1151 2220 1248 2243 sum.
1307 2207 1477 2245 ambula.

190 2325 262 2354 727,
279 2316 340 2354 728
366 2314 421 2353 (rs.
434 2315 507 2352 467.
521 2313 597 2351 468l
689 2323 753 2352 730
776 2324 840 2342 0111.
857 2312 1050 2352 P(p›-0p11-›·
1063 2311 1284 2341 llonzot'oarch.
1302 2311 1319 2342 ,Γ
1417 2322 1477 2350 734

146 2358 339 2389 bonamuita
362 2358 396 2388 l>
425 2358 479 2397 (cs.
509 2357 581 2387 sas.
609 2356 688 2394 841)
801 2356 898 2385 effeci
925 2356 957 2384 -·!
1072 2355 1199 2395 habebo
1232 2355 1263 2383 :l
1418 2358 1478 2394 736

145 2404 291 2433 omniam
309 2402 341 2432 P
502 2401 564 2439 738
590 2400 679 2430 illum
697 2399 786 2430 codd.
956 2410 1018 2438 740
1043 2399 1090 2440 ei]
1111 2404 1143 2429 et
1160 2399 1192 2428 P
1287 2399 1390 2430 Pessa
1409 2400 1479 2439 gvix

146 2447 297 2487 persum)
310 2443 605 2487 pronuntiandum
709 2444 743 2473 in
761 2454 818 2483 741
839 2443 940 2483 dejici!
955 2444 987 2473 A

1331 2486 1390 2519 12*
