1747 2740
128 124 182 165 ΙΙ.
203 128 250 164 iv
624 127 670 166 T.
705 127 886 166 MACCI
919 127 1126 167 PLAVTI

202 241 285 278 AM.
318 238 414 289 quid
436 237 631 277 sacerdoti
653 252 716 277 me
737 238 868 277 dicam
891 238 955 277 hic
977 240 1222 278 demoratam
1244 247 1324 278 tam
1345 240 1443 280 diu?
1563 251 1634 284 440

201 311 244 342 ut
264 303 383 343 etiam
405 317 510 342 nunc
533 303 674 342 misera
695 303 817 342 timeo
839 303 906 342 ubi
929 304 1054 342 oculis
1076 304 1231 343 intueor
1252 319 1358 344 mare
1376 309 1383 344 ἰ

310 433 380 471 sed
401 431 498 482 quid
519 446 593 482 ego
615 432 757 472 misera
777 434 897 472 uideo
919 435 1055 484 procul
1078 433 1116 472 in
1139 434 1279 473 litore?
1562 449 1696 486 442-50

139 513 182 544 30
311 511 445 536 meum
466 511 576 536 erum
598 499 785 537 lenonem
808 498 1136 550 Siciliensemque
1156 499 1367 550 hospitem,

311 576 411 614 quos
432 562 594 613 periisse
614 565 755 603 ambos
778 564 920 603 misera
941 565 1154 603 censebam
1176 565 1216 603 in
1237 565 1344 604 mari.

310 629 388 666 iam
409 628 507 667 illud
529 628 620 667 mali
642 631 730 680 plus
752 630 869 668 nobis
890 630 990 668 uiuit
1011 643 1130 680 quarn
1152 638 1268 669 ratae.

310 695 381 732 sed
401 694 499 744 quid
520 707 593 745 ego
614 708 727 733 cesso
748 696 882 745 fugere
904 695 943 733 in
965 696 1101 733 fanum
1122 709 1169 733 ac
1189 696 1321 734 dicere
1341 697 1440 734 haec

310 761 545 807 Palaestrae,
569 759 607 798 in
629 773 737 799 aram
759 768 802 798 ut
823 760 1098 810 confugiamus
1119 760 1217 812 priu'
1238 774 1358 811 quam
1379 762 1458 800 huc
1561 776 1628 812 455

140 838 179 870 35
309 826 498 864 scelestus
519 826 611 863 leno
632 825 766 864 ueniat
788 839 941 876 nosque
962 825 1027 864 hic
1048 826 1275 877 opprimat?

308 890 535 941 confugiam
558 892 647 938 huc,
672 891 724 929 ita
746 905 805 930 res
827 891 1012 942 suppetit,
1037 891 1168 931 subita
1188 892 1263 931 uia.

150 1009 180 1034 V
707 1003 1036 1040 SCEPARNIO

310 1086 386 1123 Pro
406 1084 446 1122 di
468 1084 698 1122 inmortales
716 1087 722 1122 ἕ
754 1084 792 1122 in
815 1098 918 1134 aqua
939 1098 1158 1135 numquam
1180 1085 1330 1124 credidi

308 1150 555 1199 uoluptatem
578 1149 707 1188 inesse
728 1157 890 1188 tantam.
951 1158 993 1188 ut
1015 1151 1117 1188 hanc
1138 1150 1234 1188 traxi
1255 1151 1421 1189 lubens!

308 1214 434 1252 nimio
456 1214 587 1253 minus
607 1216 710 1253 altus
732 1222 875 1264 puteus
897 1215 1022 1253 uisust
1044 1229 1163 1266 quam
1185 1215 1302 1266 prius.
1562 1221 1632 1264 460

310 1287 351 1317 ut
373 1279 457 1318 sine
478 1280 612 1318 labore
635 1282 737 1318 hanc
759 1280 904 1318 extraxi
923 1284 928 1319 l
962 1280 1193 1331 praefiscine
1211 1284 1217 1319 ἔ

160 1363 178 1395 5
309 1345 392 1383 sati’
414 1359 586 1396 nequam
609 1359 708 1393 sum,
733 1354 870 1396 utpote
892 1346 958 1395 qui
980 1345 1101 1385 hodie
1120 1359 1253 1384 amare
1277 1346 1502 1397 inceperim.

310 1424 373 1449 em
394 1411 465 1449 tibi
487 1424 644 1461 aquam,
669 1425 757 1450 mea
779 1419 820 1449 tu
843 1411 1012 1450 belliata.
1072 1425 1135 1450 em
1158 1411 1212 1450 sic
1234 1413 1327 1450 uolo

310 1483 348 1514 te
370 1477 467 1515 ferre
488 1477 656 1515 honeste
678 1484 720 1514 ut
741 1490 815 1527 ego
837 1477 930 1524 fero,
953 1485 995 1515 ut
1017 1478 1173 1528 placeas
1194 1477 1302 1516 mihi.

311 1543 381 1580 sed
403 1542 470 1580 ubi
492 1549 533 1580 tu
555 1555 607 1589 es,
631 1542 831 1581 delicata?
869 1556 968 1593 cape
989 1556 1134 1593 aquam
1155 1544 1258 1581 hanc
1279 1543 1341 1581 sis.
1383 1543 1451 1581 ubi
1473 1545 1544 1582 es?
1562 1547 1627 1591 465

311 1615 416 1645 amat
438 1608 569 1645 hercle
591 1621 666 1654 me,
690 1615 732 1646 ut
754 1622 828 1657 ego
850 1608 1001 1658 opinor.
1062 1608 1217 1647 delituit
1239 1610 1351 1647 mala.

145 1689 184 1710 10
313 1673 379 1711 ubi
402 1681 442 1711 tu
464 1675 535 1711 es?
564 1673 737 1712 etiamne
758 1675 862 1712 hanc
883 1687 1022 1712 urnam
1044 1675 1317 1725 acceptura’s?
1346 1674 1414 1714 ubi
1435 1676 1506 1713 es?

312 1740 568 1777 commodule
590 1738 758 1777 meliust.
820 1741 982 1778 tandem
1005 1753 1100 1778 uero
1121 1739 1233 1787 serio,

311 1804 429 1842 etiam
450 1812 661 1855 acceptura
682 1818 723 1843 es
746 1819 884 1843 urnam
908 1806 1040 1844 hane?
1069 1805 1136 1844 ubi
1158 1813 1200 1844 tu
1222 1819 1262 1844 es
1283 1806 1490 1856 gentium?

312 1883 508 1920 nusquam
530 1872 661 1909 hercle
684 1871 871 1921 equidem
894 1871 999 1910 illam
1023 1871 1151 1910 uideo.
1212 1873 1328 1910 ludos
1350 1886 1413 1910 me
1438 1872 1540 1911 facit.
1562 1883 1632 1917 470

311 1937 512 1986 adponam
534 1938 665 1975 hercle
687 1951 825 1975 urnam
848 1937 925 1975 iam
949 1951 1020 1987 ego
1042 1939 1145 1976 hanc
1166 1937 1205 1975 in
1228 1937 1358 1976 media
1379 1937 1453 1976 uia.

146 2014 183 2048 ¹5
313 2003 381 2040 sed
403 2010 546 2048 autem,
571 2002 668 2052 quid
689 2002 720 2041 si
742 2004 845 2041 hanc
866 2003 959 2042 hinc
979 2003 1182 2054 apstulerit
1203 2003 1411 2054 quispiam,

313 2081 462 2106 sacram
484 2081 622 2106 urnam
645 2068 841 2107 Veneris?
867 2070 919 2106 mi
941 2069 1123 2108 exhibeat
1144 2069 1359 2120 negotium.

313 2141 447 2172 metuo
469 2135 599 2172 hercle
621 2148 670 2173 ne
692 2134 756 2172 illa
778 2135 917 2172 mulier
938 2134 990 2171 mi
1013 2134 1175 2173 insidias
1196 2137 1311 2182 locet,

247 2238 312 2266 440
336 2228 545 2257 demoratum
564 2226 702 2257 Mueller
832 2236 895 2265 453
920 2226 1057 2258 velilluc
1160 2228 1236 2267 plus
1261 2227 1337 2258 mali
1357 2227 1442 2258 cod:
1469 2230 1540 2260 tmi.

206 2270 418 2301 Cmnemrius
549 2281 613 2310 455
639 2272 734 2310 prius
754 2275 830 2301 ante
852 2272 883 2300 in
909 2270 1038 2301 collocat
1058 2270 1195 2311 SchoeH,
1219 2282 1300 2302 mim
1324 2282 1426 2310 neque
1450 2273 1538 2311 priu'

203 2315 334 2354 qulam)
362 2326 418 2345 nec
433 2325 531 2353 quam
552 2314 556 2356 Ι
579 2315 644 2346 huc
666 2315 748 2345 satis
763 2315 959 2355 place›1t(cf
981 2316 1060 2353 494}
1209 2325 1272 2354 457
1297 2325 1352 2346 res
1373 2315 1473 2351 tPBCi
1494 2316 1544 2347 vd

204 2369 257 2388 me
284 2358 379 2397 (mlv
408 2357 468 2393 (Ti
488 2358 553 2390 cod.
644 2359 756 2389 subita
774 2358 826 2388 uia
850 2359 967 2398 scripsi
983 2358 1191 2390 dubitanter:
1215 2359 1325 2389 subita
1348 2360 1479 2390 ueniam
1506 2364 1543 2390 ut

203 2401 266 2433 vid.
285 2402 350 2433 cod.
370 2414 376 2432 t
401 2403 566 2433 subitaria
583 2402 707 2442 Ussing
829 2403 889 2440 461
919 2402 1152 2441 praeficiscine
1170 2403 1236 2434 cod.
1366 2405 1428 2442 462
1454 2405 1540 2434 satin

203 2446 309 2476 Bothe
451 2450 587 2485 utprote
623 2446 689 2477 cod.
835 2446 1018 2485 inceperim
1045 2457 1158 2477 amare
1178 2446 1265 2477 cod:
1303 2448 1374 2478 [ναί.
1403 2447 1542 2487 Evlades

193 2490 276 2532 sort.
297 2490 396 2520 hodie
415 2496 449 2520 ut
469 2493 548 2531 pote
565 2491 621 2530 qui
757 2491 822 2530 466
846 2490 895 2520 vel
909 2490 1013 2531 opino
1146 2491 1210 2531 468
1235 2490 1352 2521 melius
1371 2490 1435 2524 cod,
