1747 2740
179 146 249 186 IV.
272 159 303 185 v
692 150 738 189 T.
773 150 953 191 MACCI
987 150 1192 188 PLAVTI

274 260 343 298 Pv.
376 273 596 312 numquam
625 275 698 312 ego
729 275 793 300 me
821 268 901 300 tam
930 260 1033 300 sensi
1058 259 1180 299 amari
1202 273 1321 311 quam
1350 272 1456 298 nunc
1476 258 1527 298 ab
1547 258 1614 298 illa

1435 324 1609 364 muliere.

273 392 344 429 PA.
376 391 472 442 quid
494 391 601 430 iam?
659 394 727 430 ΡΥ.
760 399 802 430 ut
824 393 947 430 multa
975 391 1096 430 uerba
1117 390 1203 438 feci,
1227 398 1269 429 ut
1296 392 1402 430 lenta
1429 390 1611 430 materies

1515 456 1610 495 suit!

234 540 250 571 5
273 535 409 560 uerum
432 530 632 572 postremo
654 522 861 573 impetraui
884 530 925 561 ut
946 522 1055 561 uolui
1074 537 1080 560 :
1116 521 1276 570 domani,
1299 521 1393 561 dedi

272 600 374 637 quae
395 588 531 635 uoluit,
555 601 657 637 quae
677 587 893 638 postulauit
908 603 917 636 3
946 586 1021 640 (te)
1041 601 1202 638 quoque
1222 587 1294 639 <ei>
1313 589 1422 626 dono
1443 586 1548 626 dedi.

273 653 342 690 ΡΑ.
376 652 494 691 etiam
525 655 620 691 me?
677 667 758 704 quo
786 654 907 692 modo
929 666 1003 704 ego
1024 653 1158 692 uiuam
1187 652 1271 692 sine
1296 654 1364 692 te?
1422 654 1491 690 ΡΥ.
1523 652 1606 703 age,

1271 718 1406 757 animo
1426 718 1535 757 bono
1556 732 1610 766 es,

273 782 379 822 idem
401 797 474 833 ego
496 791 533 822 te
555 784 756 832 liberabo„
804 798 895 822 nam
917 784 948 823 si
970 797 1129 834 possem
1151 784 1232 822 ullo
1254 784 1376 822 modo

268 849 490 896 impetrare
503 857 544 888 ut
563 849 699 897 abiret,
723 863 773 889 ne
793 857 831 888 te
851 850 1078 896 abduceret,
1102 862 1264 899 operam
1285 848 1378 888 dedi
1394 863 1403 896 ;

214 929 253 951 10
272 928 410 953 uerum
432 916 635 966 oppressit.
681 918 748 954 PA.
773 918 871 955 deos
893 916 1061 967 sperabo
1082 924 1212 965 teque.
1254 923 1455 965 postremo
1475 922 1609 953 tamen

272 979 344 1018 etsi
365 980 465 1019 istuc
488 981 539 1018 mi
561 981 796 1029 acerbumst,
821 981 914 1031 quia
934 995 1001 1020 ero
1022 989 1060 1020 te
1081 981 1298 1020 carendum
1320 987 1378 1018 est
1398 987 1575 1029 optumo,

271 1046 410 1084 saltem
431 1045 471 1084 id
493 1047 614 1096 uolup
636 1054 693 1085 est
714 1060 837 1096 quom
859 1060 905 1085 ex
926 1046 1070 1085 uirtute
1091 1044 1229 1084 formai
1251 1044 1383 1083 euenit
1404 1043 1475 1082 tibi

272 1124 361 1149 mea
380 1124 500 1160 opera
520 1125 636 1162 super
657 1113 731 1150 hac
752 1111 892 1158 uicina,
917 1125 1037 1161 quam
1059 1124 1132 1161 ego
1153 1123 1260 1149 nunc
1281 1108 1451 1148 concilio
1471 1108 1554 1148 tibi.

273 1178 342 1215 ΡΥ.
384 1176 480 1226 quid
520 1184 636 1227 opust
676 1177 840 1216 uerbis?
897 1177 1118 1216 libertatem
1154 1176 1225 1215 tibi
1265 1189 1338 1226 ego
1377 1182 1415 1214 et
1449 1174 1609 1214 diuitias

1490 1241 1608 1288 dabo,

215 1322 251 1354 15
273 1308 303 1347 si
325 1308 520 1360 impetras.
582 1311 651 1347 ΡΑ.
684 1310 848 1348 reddam
871 1308 1134 1359 impetratum.
1191 1309 1259 1346 ΡΥ.
1291 1314 1330 1345 at
1350 1305 1486 1357 gestio.
1537 1308 1607 1344 ΡΑ.

1232 1381 1271 1412 at
1293 1371 1450 1411 modice
1469 1372 1584 1410 decet
1601 1387 1608 1410 ε

272 1441 476 1480 moderare
523 1439 668 1487 animo,
720 1454 769 1479 ne
817 1440 869 1478 sis
917 1439 1096 1490 cupidus.
1171 1439 1241 1478 sed
1289 1451 1425 1477 eccam
1466 1437 1605 1488 ipsam,

1275 1503 1471 1555 egreditur
1491 1504 1604 1542 foras.

203 1630 250 1668 vi
410 1630 809 1666 MILPHIDIPPA
975 1629 1471 1666 ACROTELEVTIVM

435 1695 953 1731 PYRGOPOLYNICES
1067 1694 1444 1730 PALAESTRIO

272 1783 346 1820 M1.
379 1783 466 1828 Era,
503 1793 639 1818 eccum
676 1787 830 1829 praesto
866 1779 1041 1818 militem.
1100 1782 1176 1818 Ac.
1206 1778 1273 1817 ubi
1305 1779 1392 1817 est?
1450 1779 1523 1816 Ml.
1554 1778 1606 1818 ad

1143 1846 1309 1883 laeuam.
1367 1845 1440 1883 Ac.
1472 1843 1603 1883 uideo.

319 1962 399 1983 1202
424 1962 476 1982 me
503 1956 568 1982 tam
598 1951 832 1981 Camerarius:
870 1951 996 1982 mittam
1020 1952 1080 1983 cod
1110 1953 1207 1992 (quid
1230 1957 1296 1983 tam
1317 1951 1405 1983 pem
1429 1951 1482 1990 (cf
1504 1950 1604 1989 1201)

274 2006 356 2034 1203
380 1995 442 2026 feci
457 1995 607 2026 Mueller:
634 1995 714 2026 fecit
728 1995 793 2026 cod.
900 2005 980 2034 1204
1004 1997 1190 2036 inpetrauit
1202 1996 1267 2028 cod.
1285 2007 1378 2027 (corr.
1392 1994 1456 2032 3²)
1549 1995 1602 2026 do.

271 2040 349 2070 dedi
364 2039 441 2080 (-ei)
456 2039 558 2069 Bm'x:
578 2039 667 2069 dona
681 2039 798 2070 uidere
809 2038 874 2069 cod.
889 2040 925 2078 (i.
938 2041 972 2072 65
992 2051 998 2070 :
1023 2040 1111 2071 dona
1129 2041 1250 2072 uidero
1262 2038 1600 2080 Palmer(Hcrmatln.

270 2094 302 2122 9,
320 2084 375 2113 665
515 2092 596 2122 1205
621 2087 654 2113 te
672 2083 741 2113 etei
760 2082 835 2113 add.
854 2083 993 2123 vaadrs
1131 2086 1214 2115 1206
1231 2095 1257 2115 a.
1272 2085 1302 2115 b.
1319 2094 1356 2114 es
1367 2083 1440 2114 Ital.
1459 2093 1466 2114 z
1492 2083 1605 2113 animo

271 2128 360 2157 bono
376 2127 418 2157 (b.
433 2138 461 2159 a.
484 2126 529 2160 Β)
542 2132 574 2156 ct
589 2127 634 2166 (r'n
647 2127 737 2156 initio
748 2137 775 2158 v.
793 2128 890 2165 1207N
906 2127 971 2158 md.
1080 2139 1161 2167 1207
1187 2128 1323 2166 ngotelli
1342 2127 1468 2157 illibera
1480 2126 1603 2157 bonam

273 2171 333 2200 sm
358 2171 407 2201 vel
429 2182 492 2202 :mo
518 2170 716 2201 telliberabo
740 2181 814 2201 nam
844 2185 850 2205 1,
860 2171 948 2200 ΡΨῙἪ
976 2170 1066 2202 cod:
1091 2184 1169 2202 corr.
1200 2172 1272 2203 Ital.
1294 2184 1300 2202 ε
1333 2182 1362 2202 e.
1391 2176 1424 2201 te
1444 2170 1523 2200 inim
1545 2169 1600 2200 lib.

271 2214 414 2248 er'dm-k,
447 2214 511 2245 Lm
601 2221 715 2255 posset
747 2214 813 2245 cod.
923 2217 977 2245 vix
1009 2216 1072 2246 alio
1105 2217 1205 2247 modo
1359 2215 1442 2246 1208
1465 2214 1604 2244 haberet

270 2258 337 2289 cod.
370 2263 404 2288 m·
430 2259 491 2289 vr'd.
521 2260 596 2298 (pro
621 2261 787 2291 abeiretffi
878 2270 940 2289 nce
967 2259 1161 2289 Salmasius
1314 2268 1395 2289 1210
1419 2258 1547 2298 optime
1574 2257 1606 2287 B

276 2312 349 2331 1211
378 2304 537 2341 quoniam
569 2303 638 2342 qffi,
657 2302 688 2332 B
777 2303 883 2333 forme
896 2303 1063 2335 uenitmd.
1085 2316 1091 2333 :
1108 2314 1186 2334 corr.
1205 2303 1416 2333 (anrrt‘arr'us
1523 2311 1606 2332 1212

271 2347 333 2377 hac
359 2347 468 2377 uicina
497 2351 634 2377 lestalur
657 2347 772 2376 Festus
796 2357 882 2385 305:
915 2347 1001 2377 hanc
1030 2348 1174 2378 uicinam
1204 2347 1271 2378 cod.
1379 2345 1436 2376 tibi
1466 2344 1603 2376 Festus:

272 2391 350 2420 mihi
368 2390 435 2421 cod.
549 2400 630 2428 ¹2¹3
655 2400 741 2429 opus
758 2389 823 2420 cod.
938 2400 1017 2429 1214
1044 2391 1242 2431 imperatum
1261 2389 1325 2421 cod.
1411 2394 1446 2419 at
1472 2389 1603 2420 modice

274 2433 486 2466 Camcram'us
501 2445 507 2464 ε
532 2444 570 2465 ac
583 2435 715 2465 modico
732 2434 844 2473 (modo
857 2433 903 2475 Β)
917 2434 983 2466 cod.
1069 2435 1144 2466 dice
1156 2435 1230 2466 ΡΠ)
1338 2443 1418 2473 ¹215
1437 2433 1518 2464 foris
1529 2431 1604 2464 PCD

1632 595 1719 632 1205

1633 993 1723 1018 1210

1632 1445 1717 1483 1215
