1747 2740
207 133 240 171 I.
260 132 291 169 ii

199 459 242 492 90

198 787 238 819 95

177 1116 237 1138 100

177 1442 235 1476 105

174 1769 236 1792 110

662 134 708 171 T.
743 133 924 172 MACCI
957 134 1162 172 PLAVTI

316 246 401 283 ΜΕ.
433 245 590 284 emistin
612 246 662 284 de
682 246 938 284 adulescente
959 246 1029 283 has
1050 245 1159 284 aedis
1179 245 1296 297 (quid
1316 252 1423 285 taces
1437 245 1472 298 ?)

315 311 383 349 ubi
404 325 510 350 nunc
533 319 614 350 tute
635 310 819 349 habitas?
877 312 952 350 CA.
983 311 1059 349 emi
1080 319 1200 362 atque
1224 320 1430 361 argentum
1451 312 1556 360 dedi,
1621 328 1684 365 125

316 377 442 415 minas
463 376 734 427 quadraginta,
757 376 1003 415 adulescenti
1025 376 1098 427 ipsi
1120 376 1159 415 in
1182 391 1355 416 manum.

317 444 401 480 ΜΕ.
433 442 607 481 dedistin
627 444 865 492 argentum?
923 443 995 482 CA.
1028 443 1175 481 factum
1197 456 1328 493 neque
1348 443 1440 482 facti
1460 443 1577 494 piget.

316 509 400 546 ME.
433 508 576 558 edepol
598 508 676 546 fide
696 508 994 546 adulescentem
1017 508 1250 546 mandatum
1271 509 1422 547 malae!

313 573 512 612 dedistine
532 573 610 611 hoc
631 574 735 611 facto
757 571 792 611 ei
813 572 988 622 gladium
1010 572 1077 623 qui
1099 586 1140 611 se
1161 573 1390 612 occideret?

313 638 410 689 quid
431 651 544 678 secus
566 645 624 676 est
645 645 711 676 aut
732 637 830 688 quid
851 637 1012 676 interest
1033 639 1126 677 dare
1147 646 1185 677 te
1205 638 1245 677 in
1266 652 1407 677 manus
1619 652 1686 690 130

312 711 518 754 argentum
539 703 688 742 amanti
709 702 862 742 homini
882 703 1139 751 adulescenti,
1161 703 1283 742 animi
1304 704 1444 755 inpoti,

313 770 382 820 qui
403 769 675 808 exaedificaret
696 782 807 807 suam
829 768 1056 807 incohatam
1078 768 1306 820 ignauiam?

313 837 386 876 CA.
418 849 500 874 non
521 849 594 886 ego
615 835 669 874 illi
689 843 895 886 argentum
917 837 1153 875 redderem?
1201 838 1285 875 ME.
1309 850 1390 876 non
1410 837 1596 876 redderes

311 915 442 952 neque
463 902 513 940 de
534 901 601 939 illo
622 900 837 951 quicquam
859 914 990 952 neque
1010 915 1161 940 emeres
1182 915 1312 953 neque
1332 904 1538 950 uenderes,

311 980 386 1006 nec
406 966 474 1017 qui
495 966 665 1006 deterior
685 974 788 1006 esset
808 968 956 1006 faceres
977 967 1146 1018 copiam.
1619 980 1679 1018 135

312 1032 602 1071 inconciliastin
623 1046 714 1071 eum
736 1032 803 1083 qui
825 1033 1053 1071 mandatust
1074 1032 1156 1080 tibi,

312 1098 364 1136 ill'
384 1097 452 1149 qui
474 1097 689 1145 mandauit,
713 1111 804 1137 eurn
826 1097 1040 1136 exturbasti
1061 1111 1108 1136 ex
1127 1097 1323 1137 aedibus?

311 1164 455 1214 edepol
476 1164 707 1202 mandatum
730 1164 894 1214 pulchre
915 1171 953 1202 et
973 1170 1153 1202 curatum
1177 1164 1300 1214 probe
1317 1167 1324 1202 ἔ

309 1230 427 1269 crede
448 1228 540 1268 huic
562 1230 725 1268 tutelam
745 1244 752 1268 :
783 1242 895 1267 suam
918 1228 1057 1267 melius
1078 1242 1160 1267 rem
1181 1229 1352 1279 gesserit.

311 1296 386 1335 CA.
416 1295 564 1346 subigis
586 1294 806 1334 maledictis
828 1309 891 1334 me
912 1294 1000 1342 tuis,
1025 1294 1317 1344 Megaronides,
1618 1309 1684 1344 140

311 1374 420 1399 nouo
441 1361 563 1399 modo
584 1361 697 1407 adeo,
721 1368 763 1399 ut
784 1361 894 1410 quod
916 1373 1028 1399 meae
1048 1360 1360 1399 concreditumst

311 1425 566 1465 taciturnitati
587 1427 701 1473 clam,
725 1426 803 1464 fide
825 1432 863 1464 et
884 1424 1065 1472 fiduciae,

310 1506 360 1531 ne
381 1491 628 1530 enuntiarem
649 1490 866 1541 quoiquam
889 1504 966 1529 neu
988 1491 1157 1529 facerem
1178 1492 1320 1541 palam,

309 1565 351 1596 ut
373 1557 468 1596 mihi
489 1570 652 1596 necesse
673 1556 721 1595 sit
743 1556 820 1595 iam
842 1556 883 1596 id
905 1556 976 1595 tibi
998 1557 1248 1595 concredere.

310 1625 394 1662 ME.
428 1622 524 1661 mihi
545 1624 655 1673 quod
676 1622 890 1661 credideris
911 1635 1043 1661 sumes
1064 1622 1132 1661 ubi
1153 1622 1354 1673 posiueris.
1616 1635 1678 1671 145

310 1690 383 1729 CA.
416 1688 773 1739 circumspicedum
795 1695 832 1727 te
853 1701 904 1726 ne
925 1687 1013 1738 quis
1033 1688 1135 1726 adsit
1156 1688 1300 1727 arbiter

309 1755 437 1803 nobis,
460 1762 499 1793 et
519 1767 668 1805 quaeso
689 1753 908 1793 identidem
931 1753 1201 1805 circumspice.

310 1822 397 1859 ME.
426 1821 606 1859 ausculto
627 1819 658 1858 si
680 1819 777 1870 quid
794 1819 914 1859 dicas.
975 1821 1049 1860 CA.
1082 1820 1114 1858 si
1135 1828 1276 1868 taceaS,
1301 1821 1449 1871 loquar.

307 1886 497 1936 quoniam
518 1885 612 1924 hinc
632 1892 690 1924 est
711 1887 958 1936 profecturus
980 1899 1140 1936 peregre
1162 1886 1412 1933 Charmides,

307 1953 564 1990 thensaurum
586 1950 874 1990 demonstrauit
896 1950 992 1989 mihi
1014 1950 1053 1989 in
1075 1950 1183 1989 hisce
1203 1951 1381 1999 aedibus,
1615 1962 1680 1998 150

307 2017 371 2056 hic
393 2017 432 2056 in
453 2017 634 2056 conclaui
656 2018 960 2068 quodam—sed
981 2016 1251 2067 circumspice.

300 2166 362 2195 130
385 2166 484 2187 secus
502 2156 573 2188 Ital.
595 2168 601 2187 :
634 2161 770 2187 secutus
791 2155 855 2186 cod.
874 2156 919 2189 (v.
941 2155 975 2185 8*
1152 2164 1209 2193 131
1235 2137 1360 2194 ampoti
1383 2158 1419 2185 ut
1440 2155 1501 2187 vid.
1521 2155 1588 2188 cod.

256 2209 316 2239 132
339 2201 510 2240 ignauium
523 2200 588 2233 cod.
748 2210 809 2239 139
833 2204 904 2230 tute
927 2200 992 2229 iam
1010 2198 1060 2229 vel
1073 2199 1212 2229 tutelam
1230 2198 1296 2230 cod.
1388 2209 1458 2230 rem
1471 2199 1590 2230 melius

253 2243 432 2275 Hermann
581 2254 637 2284 141
665 2253 831 2283 quomeae
853 2243 919 2274 cod.
938 2245 963 2281 r?
977 2247 1039 2282 pro
1054 2252 1264 2281 quommeae,
1283 2242 1302 2274 ι’.
1319 2253 1342 2274 e.
1361 2244 1450 2282 quod
1472 2253 1588 2281 meae;

255 2289 274 2320 i.
294 2289 330 2328 4)
423 2289 651 2319 concreditum
668 2288 729 2318 sim
741 2287 806 2318 cod.
829 2288 862 2323 xi.
880 2297 907 2326 7,
928 2287 961 2327 2)
1111 2296 1169 2325 149
1193 2285 1407 2325 profecturus
1423 2285 1589 2327 Scaliger:

255 2332 428 2374 profectus
445 2331 508 2363 cod.
531 2333 558 2373 (t
570 2337 631 2374 pro
645 2333 719 2363 tur?
738 2331 792 2362 vii.
814 2331 844 2372 1>
983 2340 1042 2369 150
1067 2330 1146 2361 mihi
1172 2330 1414 2362 demonstrauit
1432 2328 1505 2361 PCD
