1747 2740
167 107 297 145 111.v
685 110 732 148 T.
765 108 947 148 MACCI
979 107 1183 146 PLAVTI

205 231 249 263 40
269 226 401 256 curate
423 219 519 257 llaec
539 217 650 257 sultis
672 232 814 269 magna
833 218 1099 269 diligentia.—
1621 223 1692 257 820

270 284 339 320 LA.
373 285 448 322 beu
472 285 624 322 hercle!
656 283 704 322 ne'
726 284 812 322 istic
834 285 923 322 sana
945 291 1144 321 mutantur
1164 282 1267 321 cito:

268 345 345 385 iarn
376 348 452 386 hoc
476 348 666 386 Herculei
689 354 757 392 est,
782 346 947 386 Veneris
969 348 1103 385 fanum
1125 347 1233 397 quod
1255 346 1336 394 fuit,

269 410 322 449 ita
342 412 423 450 duo
443 411 621 450 destituit
642 410 753 461 signa
775 411 838 450 hic
860 425 951 450 cum
973 411 1094 450 clauis
1115 425 1245 450 senex.

270 489 349 514 non
372 477 501 514 hercle
522 477 602 526 quo
623 475 716 514 hinc
737 490 844 514 nunc
864 476 1040 526 gentium
1062 476 1260 526 aufugiam
1282 475 1376 524 scio,

206 554 248 587 45
270 541 322 580 ita
343 554 448 579 nunc
470 540 521 579 mi
544 549 755 591 utrumque
775 541 912 589 saeuit,
935 549 973 579 et
994 550 1093 580 terra
1113 549 1151 579 et
1172 554 1288 579 mare.
1623 541 1688 586 825

269 608 488 645 Palaestra!
547 607 617 644 Lo.
650 605 746 656 quid
768 605 857 644 uis?
915 607 984 644 LA.
1016 619 1151 656 apage,
1174 605 1444 644 controuorsia
1463 613 1533 653 est,

268 673 365 710 haec
386 671 548 722 quidem
571 673 768 710 Palaestra
788 685 891 722 quae
912 671 1114 722 respondit
1136 684 1216 710 non
1239 684 1327 709 mea
1347 679 1415 709 est.

267 739 376 784 heus,
400 737 649 787 Ampelisca!
709 739 780 775 Lo.
804 740 961 775 ALTER.
994 750 1092 775 caue
1112 735 1164 774 sis
1185 735 1410 775 infortunio.

269 804 340 840 LA.
373 807 439 842 'lut
460 810 600 852 potest,
624 801 780 852 ignaui†
802 802 984 841 homines
1006 801 1089 840 sati'
1110 810 1215 840 recte
1235 810 1410 840 monent.

208 884 249 916 50
269 869 338 907 sed
360 868 473 906 uobis
494 867 596 915 dim,
620 869 718 906 hexis
740 871 834 906 uos!
866 881 961 906 num
985 866 1225 906 molestiaest
1622 868 1691 914 830

269 948 332 973 me
353 934 460 972 adire
479 935 530 972 ad
551 934 633 972 illas
656 934 846 984 propius?
903 936 975 972 Lo.
1008 933 1279 971 nihil—nobis
1300 933 1472 983 quidem.

270 1001 340 1038 LA.
374 999 568 1050 numquid
590 1001 800 1038 molestum
824 999 918 1038 mihi
941 999 1041 1038 erit?
1098 1001 1169 1038 Lo.
1202 999 1311 1046 nihil,
1334 999 1364 1037 si
1386 999 1546 1038 caueris.

269 1067 342 1104 LA.
363 1065 459 1116 quid
480 1073 538 1103 est
559 1066 668 1115 quod
684 1067 878 1104 caueam?
919 1066 991 1103 Lo.
1016 1065 1078 1104 em
1096 1068 1102 1103 l
1130 1078 1153 1103 a
1173 1078 1304 1103 crasso
1320 1064 1546 1103 infortunio.

270 1133 341 1170 LA.
373 1144 521 1182 quaeso
542 1132 672 1169 hercle
692 1130 800 1169 abire
822 1139 864 1169 ut
884 1131 1010 1169 liceat.
1072 1132 1143 1169 Lo.
1176 1131 1306 1177 abeas,
1331 1130 1361 1168 si
1384 1130 1492 1169 uelis.

208 1211 247 1243 55
271 1198 340 1235 LA.
375 1197 475 1235 bene
496 1198 626 1235 hercle
647 1197 803 1234 factum.
865 1197 994 1235 habco
1015 1196 1130 1235 uobis
1150 1196 1324 1247 gratiam.
1623 1201 1688 1245 835

202 1553 247 1588 vi

268 1276 348 1301 non
370 1263 509 1301 cedam
532 1261 672 1313 potius.
735 1264 804 1300 Lo.
839 1262 916 1301 illic
937 1270 1063 1300 astato
1085 1262 1185 1300 ilico.

269 1330 339 1366 LA.
373 1329 512 1378 edepol
536 1327 700 1377 proueni
724 1327 902 1378 nequiter
926 1327 1057 1365 multis
1081 1327 1220 1366 modis.

267 1402 454 1433 certumst
475 1395 592 1432 hasce
614 1394 733 1433 hodie
755 1407 880 1444 usque
902 1393 1111 1444 opsidione
1133 1394 1300 1432 uincere.

351 1551 730 1587 PLEslpippvs
842 1550 1182 1588 TRACHAmo
1294 1551 1522 1589 LAnxnx

584 1615 928 1653 CHARMIDES
1041 1616 1288 1653 LORARrx

324 1716 390 1752 PL.
425 1715 613 1752 Meamne
635 1715 696 1752 ille
717 1713 885 1752 amicam
907 1715 997 1752 leno
1018 1713 1069 1761 ui,
1092 1714 1280 1752 uiolentia

322 1781 373 1818 de
393 1792 458 1818 ara
478 1779 655 1829 deripere
675 1779 840 1818 Veneris
862 1779 1017 1818 uoluit?
1077 1781 1152 1817 TR.
1185 1779 1415 1818 admodum.
1622 1787 1693 1830 840

325 1847 391 1883 PL.
425 1844 520 1895 quin
542 1844 720 1883 occidisti
743 1846 970 1895 extemplo?
1028 1845 1104 1882 TR.
1136 1844 1289 1894 gladius
1311 1858 1391 1883 non
1413 1852 1504 1884 erat.

314 1950 378 1979 820
401 1949 513 1979 stultis
527 1947 592 1980 cod.
719 1948 779 1979 dil·
797 1959 842 1979 an
860 1948 942 1979 deil-
960 1948 1066 1979 incert.
1084 1947 1149 1978 cod.
1339 1948 1398 1978 821
1426 1949 1513 1980 eheu
1532 1948 1599 1981 cod.

270 1994 335 2023 822
360 1993 396 2023 fit
408 1992 559 2023 Palmer:
579 1997 631 2023 cst
643 1991 708 2023 cod.
779 1991 924 2034 (modo)
936 1992 1080 2023 Veneris
1093 1991 1269 2022 Aa'dalius
1378 1992 1440 2031 827
1465 1993 1602 2032 quidem

270 2036 464 2067 Acidalins:
491 2037 646 2075 equidem
663 2035 729 2068 cod.
865 2036 930 2075 829
955 2036 1044 2075 potis
1067 2041 1118 2066 est
1143 2035 1246 2066 Bothe
1313 2036 1401 2067 ultro
1424 2038 1480 2068 te!
1507 2037 1603 2073 signa

272 2081 350 2112 uth.
368 2080 433 2111 Leo
455 2081 556 2120 πίονι.
580 2085 697 2119 utpote
716 2080 743 2110 si
763 2080 833 2119 (vix
848 2081 979 2111 utrosel
997 2080 1092 2118 signa
1112 2085 1147 2110 ut
1164 2080 1197 2110 h.
1315 2081 1381 2119 830
1403 2078 1511 2123 (ego)
1528 2081 1604 2110 dico

274 2126 314 2162 (it)
342 2123 408 2154 Leo
585 2125 648 2163 833
673 2134 788 2154 crasso
815 2123 916 2154 ltaL:
951 2133 1069 2153 craeso
1089 2122 1153 2153 cod.
1333 2124 1396 2162 834
1421 2123 1512 2154 adire
1537 2123 1602 2154 rod.

272 2169 397 2199 habeas
415 2166 483 2199 cod.
646 2168 709 2205 835
733 2167 763 2198 b.
785 2177 867 2206 ergo
884 2167 996 2197 hercle
1014 2166 1087 2196 PCD
1196 2166 1319 2197 sactum
1337 2165 1416 2209 (et)
1431 2166 1604 2197 Acidalius

272 2212 337 2251 836
362 2223 428 2242 non
443 2211 558 2242 cedam
581 2210 734 2251 St’jff'rt:
760 2221 825 2240 non
850 2211 1006 2241 accedam
1033 2209 1122 2241 cod:
1149 2211 1305 2241 accedam
1327 2210 1401 2249 (del.
1422 2212 1504 2240 nom
1524 2209 1603 2240 Rei:-

272 2261 381 2286 astato
401 2255 580 2285 Gruterus:
606 2259 713 2285 astato
737 2253 802 2284 cod.
909 2254 988 2293 sort.
1019 2254 1092 2284 Hac
1122 2259 1194 2294 ,pro
1211 2264 1275 2294 quo
1293 2254 1332 2288 N,
1352 2254 1371 2285 ι’.
1385 2264 1409 2284 e.
1432 2254 1546 2288 ‘nous
1564 2265 1602 2284 ac

273 2299 356 2330 coam
376 2300 488 2329 cedam
509 2299 629 2339 potius.
689 2298 749 2329 Lo.
765 2297 830 2328 Ax..
847 2297 912 2328 illic
930 2302 1040 2328 astato
1058 2297 1134 2328 ilico
1280 2298 1339 2339 841
1367 2297 1520 2328 claudius
1536 2296 1601 2328 cod.

274 2345 348 2383 (pro
366 2343 472 2383 clad-)
