1747 2740
150 127 193 165 V.
219 127 265 164 iv
636 126 682 163 T.
716 124 897 164 MACCI
930 125 1135 162 PLAVTI

157 242 197 284 65
219 237 313 275 dato
334 236 386 274 mi
408 250 478 287 pro
499 237 576 275 offa
597 235 763 283 sanium,
786 248 856 285 pro
878 235 966 273 osse
987 234 1160 285 linguam
1182 234 1341 275 obicito.
1575 246 1662 282 1235

218 302 271 341 ita
291 304 392 341 hanc
413 316 551 341 canem
575 301 715 340 faciam
737 301 809 340 tibi
829 302 918 340 oleo
940 300 1260 351 tranquilliorem.

218 370 299 407 HA.
323 368 361 406 it'
383 367 414 406 si
436 367 507 406 itis.
559 369 663 406 ΑΒΕ.
687 367 784 418 quid
805 380 878 406 nos
899 366 1064 406 fecimus
1086 366 1187 405 tibi?
1235 368 1316 404 HA.
1340 367 1444 405 fures
1464 365 1557 405 estis

1401 432 1553 470 ambae.

217 500 321 538 ΑΒΕ.
353 500 465 538 nosn'
493 497 593 537 tibi?
650 500 732 537 HA.
765 511 837 536 uos
865 497 1038 548 inquam.
1100 499 1175 536 AG.
1208 505 1327 547 atque
1358 511 1431 548 ego
1460 496 1552 535 scio.

640 565 744 602 ADE.
777 562 874 613 quid
895 562 936 602 id
956 562 1116 601 furtist?
1173 565 1247 601 AG.
1280 564 1387 601 hunc
1407 569 1553 613 rogato.

219 631 299 667 HA.
332 628 424 680 quia
444 642 570 668 annos
592 631 736 668 multos
758 628 881 667 feilias
905 642 1012 667 meas
1034 628 1232 667 celauistis
1253 630 1355 667 clam
1376 642 1440 667 me

160 708 199 741 70
216 703 335 746 atque
356 695 542 745 equidem
564 695 754 745 ingenuas
775 694 941 733 leiberas
959 708 1197 745 summoque
1217 708 1360 745 genere
1380 701 1527 745 gnatas.
1581 709 1670 742 1240

217 762 322 799 ΑΒΕ.
340 774 557 810 numquam
573 768 767 799 mecastor
780 759 948 810 reperies
963 768 1005 798 tu
1020 760 1119 799 istuc
1134 761 1322 811 probrum
1336 773 1458 811 penes
1472 772 1555 798 nos.

218 827 292 864 AG.
326 827 377 864 da
397 825 549 876 pignus,
573 825 612 863 ni
634 839 740 864 nunc
762 825 936 876 peiieres,
962 825 1001 863 in
1025 825 1191 871 saulum,
1216 832 1301 865 uter
1317 824 1392 863 utri
1413 825 1491 864 det.

219 893 323 930 ΑΒΕ.
356 891 409 929 nil
440 899 571 930 tecum
611 905 696 942 ago,
732 892 904 942 apscede
935 891 1112 942 opsecro.
1173 893 1248 930 AG.
1281 899 1399 942 atque
1429 891 1559 929 hercle

1090 970 1247 996 mecum
1269 957 1466 1007 agendum
1489 963 1556 995 est.

219 1035 311 1061 nam
347 1021 409 1061 hic
444 1029 604 1073 patruos
644 1035 755 1061 meus
794 1029 866 1070 est,
901 1035 972 1072 pro
1013 1023 1090 1061 hoc
1128 1021 1225 1060 mihi
1264 1029 1452 1073 patronus
1486 1021 1559 1060 sim

1292 1100 1454 1126 necesse
1474 1094 1532 1126 est
1550 1101 1560 1135 ;

164 1166 202 1201 75
221 1161 259 1192 et
280 1153 518 1203 praedicabo
539 1154 745 1203 quomodo
766 1166 838 1192 uos
859 1154 960 1192 furta
981 1152 1131 1191 faciatis
1153 1154 1276 1191 multa
1582 1160 1668 1197 1245

220 1233 380 1269 quoque
402 1219 523 1257 modo
549 1217 553 1269 Ι
581 1217 697 1256 huius
719 1217 816 1256 filias
837 1219 945 1268 apud
966 1219 1038 1257 uos
1062 1218 1240 1257 habeatis
1260 1231 1405 1266 seruas,

220 1298 317 1334 quas
339 1297 410 1322 uos
431 1298 477 1322 ex
498 1283 621 1334 patria
642 1282 782 1322 liberas
804 1291 1004 1334 surruptas
1028 1297 1114 1322 esse
1132 1283 1249 1322 scitis.

221 1352 326 1388 ΑΒΕ.
359 1348 426 1388 ubi
451 1357 542 1387 sunt
569 1350 667 1388 eae?
696 1356 763 1387 aut
791 1362 900 1399 quas,
927 1350 1227 1399 opsecro—AG.
1262 1348 1345 1387 sati’
1367 1348 1443 1387 iam
1471 1355 1562 1387 sunt

1332 1422 1560 1453 maceratae.

225 1482 305 1519 HA.
329 1479 426 1530 quid
447 1479 478 1519 si
499 1480 761 1530 eloquamur?
817 1481 892 1519 AG.
916 1493 1061 1519 censeo
1084 1481 1224 1526 hercle,
1248 1486 1395 1530 patrue.
1455 1481 1560 1518 ΑΒΕ.

1280 1544 1422 1584 misera
1442 1544 1563 1584 timeo

163 1622 206 1653 80
224 1611 321 1662 quid
342 1612 418 1650 hoc
439 1612 486 1649 sit
508 1610 652 1661 negoti,
676 1624 764 1650 mea
784 1624 917 1659 soror3
949 1610 1001 1650 ita
1024 1610 1183 1662 stupida
1204 1610 1289 1649 sine
1308 1610 1443 1649 animo
1463 1618 1558 1649 asto.
1586 1622 1674 1658 1250

226 1680 306 1716 HA.
329 1677 525 1717 aduortite
545 1676 734 1724 animum,
759 1676 950 1716 mulieres.
1003 1676 1189 1728 primum,
1210 1676 1242 1715 si
1262 1675 1303 1716 id
1323 1675 1405 1715 fieri
1425 1675 1559 1727 possit,

224 1757 273 1782 ne
294 1742 456 1793 indigna
476 1741 648 1792 indignis
668 1742 709 1781 di
730 1743 880 1790 darent,
904 1742 944 1782 id
966 1756 1040 1793 ego
1061 1742 1260 1782 euenisset
1286 1742 1429 1781 uellem
1445 1756 1455 1789 3

225 1823 331 1848 nunc
352 1810 461 1859 quod
482 1808 577 1847 boni
600 1808 695 1846 mihi
717 1808 756 1847 di
780 1810 943 1856 danunt,
964 1809 1103 1848 uobeis
1126 1817 1361 1859 nostraeque
1382 1807 1506 1856 matri,

225 1890 290 1915 eas
311 1877 371 1915 dis
393 1882 451 1914 est
470 1888 642 1925 aequom
663 1875 804 1926 gratias
828 1889 899 1914 nos
921 1890 1035 1927 agere
1056 1875 1326 1927 sempiternas,

167 1951 207 1991 85
227 1954 348 1992 quom
379 1947 552 1979 nostram
584 1940 770 1991 pietatem
800 1942 1024 1992 adprobant
1055 1942 1325 1992 decorantque
1348 1940 1389 1980 di
1421 1939 1671 1988 mmor-1255

1454 2006 1560 2044 tales.

274 2112 355 2150 1238
380 2111 411 2141 id
429 2111 506 2142 furti
526 2111 608 2143 estis
626 2112 659 2142 P
674 2112 707 2151 (i.
724 2122 752 2151 7,
768 2120 799 2152 p.
812 2111 868 2152 20)
939 2122 1028 2143 nunc
1041 2112 1074 2142 P
1175 2123 1257 2151 1240
1280 2112 1414 2153 quidem
1433 2111 1566 2151 Bentley

228 2166 246 2186 e
266 2165 390 2194 genere
414 2155 446 2184 A
544 2166 626 2195 1242
650 2157 691 2187 da
709 2167 774 2186 om.
793 2156 826 2186 A
932 2165 1012 2194 1243
1036 2156 1126 2196 atqui
1147 2155 1282 2188 Guictns
1375 2165 1456 2195 1245
1480 2160 1563 2195 quo-

229 2200 328 2229 modo
345 2202 531 2239 snspeclnm
552 2201 602 2240 (cs.
620 2200 667 2230 ad
675 2199 791 2230 Bacch.
806 2199 902 2230 1068Ἲ
973 2210 1033 2230 uos
1045 2199 1103 2231 del.
1119 2199 1153 2231 E.
1170 2199 1287 2230 Brckrr
1310 2200 1348 2239 cs.
1362 2199 1410 2230 nd
1423 2211 1451 2230 v.
1467 2200 1563 2238 12465

218 2243 298 2282 fort.
320 2243 513 2273 furtificetis
532 2244 577 2283 (v.
600 2245 629 2274 ιδ
768 2245 850 2282 1246
874 2244 996 2283 quoqui
1016 2244 1047 2273 Β
1122 2248 1182 2274 au!
1197 2254 1258 2274 uos
1279 2243 1417 2274 addend.
1438 2243 1568 2273 m'dclur

226 2291 299 2326 post
312 2298 373 2317 uos
387 2287 450 2317 (vel
458 2290 532 2326 post
548 2287 713 2318 habeatisl
731 2288 781 2326 (cs.
796 2298 824 2318 v.
845 2288 1015 2326 1245)(1111
1030 2288 1175 2318 hominis
1187 2291 1264 2328 pos!
1276 2288 1373 2318 huius
1386 2287 1444 2324 (iii.
1459 2297 1490 2326 p.
1504 2289 1563 2326 51)

232 2331 370 2361 huiusce
389 2330 604 2361 Cmncrarsns
696 2333 778 2369 1248
797 2330 881 2371 Λα]
901 2331 950 2360 vel
967 2330 1023 2360 HA
1140 2341 1220 2370 ¹249
1244 2331 1333 2370 Quin
1352 2331 1494 2370 eloquar
1510 2329 1563 2360 P:

230 2375 311 2413 quin
326 2376 522 2413 eloquamur
536 2374 638 2406 Il'esse
693 2376 796 2414 berei.
813 2399 818 2405 .
833 2375 864 2404 A
879 2387 885 2405 ι
903 2385 983 2412 ergo
996 2374 1083 2405 I'CD:
1110 2375 1235 2413 hercle,
1247 2386 1268 2404 o
1282 2377 1320 2415 ¹2³)
1337 2373 1403 2404 Leo
1481 2383 1560 2412 1251

231 2423 344 2458 posset
362 2419 392 2448 ,Ἰ
538 2429 619 2458 1252
645 2419 783 2448 euenire
802 2418 834 2447 P
