1747 2740
683 138 1006 180 PSEVDOLVS
1442 137 1511 176 IV.
1530 135 1546 175 i

70 263 158 305 913,a
342 259 404 295 ΡΞ.
436 255 504 295 ubi
525 255 750 294 restiteras?
806 256 941 293 Smm.
974 252 1041 292 ubi
1066 252 1117 291 mi
1139 252 1308 290 lubitum
1331 259 1400 290 est.

234 324 295 361 Ps.
329 322 429 361 istuc
456 335 529 371 ego
557 320 649 359 satis
678 319 770 358 scio.
850 321 984 358 Smm.
1018 331 1090 368 qur
1111 331 1203 367 ergo
1225 318 1334 367 quod
1355 316 1430 355 scis
1452 330 1515 355 me

1375 383 1516 432 rogas?

90 461 157 498 915
180 455 242 492 ΡΞ.
275 461 315 492 at
346 454 424 491 hoc
457 453 551 491 uolo
587 465 749 489 monere
784 458 832 489 te.
911 452 1047 489 Suum.
1086 449 1323 487 monendu's
1362 461 1412 486 ne
1453 461 1515 485 me

1339 526 1512 550 moneas.

342 585 404 621 Ps.
437 582 545 620 nimi‘
566 583 727 620 tandem
750 595 823 631 ego
844 594 913 631 aps
936 587 974 618 te
995 586 1240 618 contemnor.

339 650 473 687 SlMlA.
506 646 654 698 quippe
674 660 748 697 ego
769 654 806 684 te
827 645 866 683 ni
888 652 1155 691 contemnam,
1536 651 1574 684 15

339 712 576 752 stratioticus
597 714 721 751 homo
741 711 807 762 qui
830 713 990 750 cluear?
1049 713 1110 748 ΡΞ.
1143 709 1220 747 iam

176 780 253 819 hoe
273 781 367 818 uolo
386 780 495 829 quod
516 786 764 828 occeptumst
779 776 852 827 agi.
903 778 1038 815 Suum.
1062 774 1257 825 numquid
1273 787 1386 823 agere
1407 772 1514 811 aliud

1290 853 1352 877 me
1373 838 1515 877 uides?

89 923 159 960 920
286 912 348 948 Ps.
381 910 541 948 ambula
561 923 654 959 crgo
675 908 765 946 cito.
826 910 960 946 Simm.
994 906 1116 945 immo
1138 905 1264 944 otiose
1286 906 1389 943 uolo.

232 977 295 1014 ΡΞ.
338 976 436 1013 haec
466 989 512 1013 ea
542 974 759 1013 occasiost:
795 974 891 1012 dum
928 973 992 1010 ille
1027 970 1185 1018 dormit,
1216 972 1308 1009 uolo
1340 977 1379 1007 tu
1411 968 1514 1019 prior

1200 1048 1371 1085 occupes
1391 1033 1510 1073 adire.

338 1107 472 1144 Smm.
505 1104 601 1155 quid
624 1105 839 1154 properas?
868 1102 1037 1153 placide,
1058 1115 1108 1140 ne
1129 1100 1234 1140 time.
1534 1110 1576 1131 20

338 1170 391 1209 ita
412 1170 475 1208 ille
496 1170 589 1208 faxit
612 1169 803 1220 Iuppiter,

338 1243 380 1274 ut
400 1235 464 1274 ille
485 1236 614 1285 palam
636 1234 785 1272 ibidem
806 1233 944 1280 adsiet,

67 1314 157 1354 924³
337 1300 516 1352 quisquis
537 1300 637 1338 illest
659 1299 725 1350 qui
748 1301 860 1338 adest
881 1314 903 1337 a
924 1298 1056 1337 milite.

88 1381 154 1419 925
176 1380 395 1418 numquam
417 1366 560 1416 edepol
588 1365 659 1404 erit
677 1365 728 1403 ill’
771 1364 900 1415 potior
928 1366 1091 1415 Harpax
1118 1377 1238 1414 quam
1266 1376 1350 1413 ego.
1410 1363 1513 1401 habe

1137 1429 1313 1467 animum
1336 1428 1485 1467 bonum
1506 1444 1512 1466 :

286 1499 448 1549 pulchre
469 1511 542 1548 ego
563 1498 666 1535 hanc
687 1495 919 1546 explicatam
941 1494 1011 1533 tibi
1034 1508 1114 1533 rem
1136 1495 1253 1533 dabo.
1535 1506 1574 1539 25

284 1564 340 1603 Sic
361 1578 434 1615 ego
455 1563 564 1601 illum
587 1562 689 1601 dolis
710 1570 828 1611 atque
850 1560 1067 1600 mendaciis

286 1629 325 1668 in
347 1630 529 1668 timorem
550 1629 657 1667 dabo
679 1627 883 1666 militarem
905 1628 1118 1673 aduenam,

286 1695 393 1746 ipsus
415 1709 499 1733 sese
520 1702 562 1732 ut
584 1701 699 1743 neget
721 1706 805 1731 esse
827 1706 915 1731 cum
939 1691 1005 1742 qui
1028 1691 1100 1730 siet

89 1774 160 1810 930
287 1775 430 1811 meque
456 1768 497 1798 ut
519 1773 604 1798 esse
626 1766 802 1797 autumet
824 1757 889 1808 qui
913 1757 1020 1807 ipsus
1041 1764 1109 1795 est.
1170 1758 1232 1794 ΡΞ.
1266 1755 1331 1805 qui
1355 1757 1513 1806 potest?

232 1827 365 1866 S1M1A.
399 1824 548 1864 occidis
576 1838 639 1862 me
667 1837 788 1874 quom
810 1823 910 1861 istuc
931 1822 1084 1872 rogitas.
1157 1824 1219 1859 ΡΞ.
1252 1835 1277 1859 o
1307 1821 1508 1859 hominem
1530 1832 1576 1865 3ο

1312 1886 1487 1937 lepidum
1506 1889 1512 1924 !

285 1959 418 1996 Suum.
453 1964 490 1995 te
512 1969 670 2006 quoque
691 1954 809 1993 etiam
830 1953 932 1992 dolis
952 1961 1071 2004 atquc
1094 1952 1322 2000 mendaciis,

285 2022 352 2073 qui
375 2022 556 2072 magister
577 2020 672 2059 mihi
693 2035 745 2067 es,
768 2020 963 2062 antidibo,
984 2029 1026 2058 ut
1048 2020 1157 2058 scias.

287 2091 348 2126 Ps.
384 2087 560 2137 Iuppiter
580 2094 617 2125 te
639 2086 734 2124 mihi
758 2088 908 2124 seruet!
968 2087 1102 2123 Suum.
1136 2084 1258 2123 immo
1281 2083 1387 2121 mihi.

219 2204 283 2233 914
311 2192 398 2223 istud
422 2191 479 2222 A:
504 2191 596 2231 ipsuc
622 2191 767 2231 Pzsorl.
792 2191 875 2221 istuc
899 2190 992 2229 ipsu5
1017 2188 1131 2230 (iamb.
1153 2189 1313 2227 oclmmr.)
1431 2198 1513 2227 crgo

177 2237 284 2277 quod]
312 2247 375 2275 cgo
392 2246 457 2274 quo
477 2234 508 2264 P
624 2244 688 2274 915
712 2235 763 2265 vel
783 2235 974 2264 monendus
1073 2238 1207 2263 moneat
1230 2232 1263 2262 P
1370 2242 1432 2270 917
1460 2231 1509 2272 ni]

178 2291 230 2311 me
247 2280 279 2310 A
413 2279 477 2318 918
502 2278 682 2309 stratiocus
699 2279 799 2308 homo
818 2278 873 2317 qui
892 2277 1006 2308 cluoar
1023 2276 1071 2308 P:
1097 2277 1307 2306 stratioticus
1319 2286 1394 2305 case
1409 2276 1511 2305 homo

177 2323 334 2355 clucarA
491 2332 556 2361 9¹9
580 2322 669 2352 aliud
698 2332 800 2360 agere
833 2321 866 2350 A
1020 2330 1081 2359 921
1112 2320 1180 2360 [ut]
1209 2331 1258 2351 oc.
1284 2319 1368 2352 Pm',
1390 2319 1422 2348 A
1444 2330 1475 2349 η.
1492 2319 1510 2348 Ι.

176 2379 240 2408 924
265 2368 369 2398 assict
388 2366 614 2397 Camerarius:
641 2367 722 2396 atict
739 2365 778 2405 P,
797 2365 830 2395 A
849 2376 880 2396 n.
899 2364 918 2395 Ι.
1051 2373 1114 2402 927
1140 2365 1166 2394 si
1185 2364 1217 2394 Ρ
1345 2374 1411 2402 929
1435 2373 1510 2392 eum

178 2422 255 2443 esse
272 2411 305 2442 P
435 2420 501 2449 930
525 2410 602 2449 quid
619 2420 650 2449 p.
665 2409 697 2439 P
827 2419 891 2449 932
915 2413 1016 2448 atquc
1037 2407 1172 2449 [ctiam]
1193 2417 1257 2438 me.
1275 2407 1306 2438 P
1446 2416 1511 2447 933

177 2467 244 2487 om.
260 2455 292 2486 P
314 2456 458 2497 (propter
477 2453 660 2484 lmuwmtcl.
674 2455 697 2490 ῒὶ
