1747 2740
577 117 750 155 MILES
781 116 1096 154 GLORIOSVS

170 229 286 277 dicat,
308 227 538 279 disperiistis
558 226 598 265 ni
620 239 745 277 usque
765 227 816 264 ad
838 233 1004 264 mortem
1027 228 1128 265 male
1150 226 1395 265 mulcassitis.

169 302 287 345 atque
306 295 419 341 adeo,
442 301 484 332 ut
501 307 550 332 ne
570 292 644 343 legi
667 293 845 330 fraudem
867 291 1011 329 saciant
1031 292 1210 339 aleariae,

86 364 148 409 165
168 361 397 399 adcuratote
419 366 460 397 ut
480 358 564 397 sine
585 358 671 397 talis
692 357 802 396 domi
823 357 970 408 agitent
991 357 1233 395 conuiuium.

171 428 239 463 ΡΑ.
271 423 505 474 nescioquid
527 425 778 463 malefactum
799 438 823 461 a
843 430 977 461 nostra
997 422 1061 460 hic
1089 423 1284 469 familiast,
1307 431 1499 473 quantum

1357 489 1500 527 audio:

166 554 220 594 ita
240 554 304 593 hic
324 567 443 592 senex
464 555 563 592 talos
584 553 674 592 elidi
698 552 808 591 iussit
825 552 1027 592 conseruis
1049 552 1157 591 meis.

165 621 235 658 sed
257 632 320 658 me
340 618 516 669 excepit:
547 618 658 657 nihili
679 619 780 657 facio
801 618 897 668 quid
919 618 993 656 illis
1014 617 1130 656 faciat
1150 618 1299 657 ceteris.

164 683 369 734 adgrediar
398 682 613 722 hominem.
675 685 743 721 PE.
776 691 887 722 estne
916 684 1131 722 aduorsum
1160 683 1224 721 hic
1245 683 1313 734 qui
1336 684 1500 723 aduenit

1257 749 1471 787 Palaestrio
1484 751 1500 787 ?

82 822 148 858 170
167 816 236 852 ΡΑ.
267 813 364 864 quid
383 813 476 864 agis,
500 813 869 864 Periplectomene?
926 816 994 852 PE.
1027 815 1105 852 hau
1134 816 1279 852 multos
1304 814 1496 863 homines,

1093 880 1123 919 si
1145 882 1366 931 optandum
1388 882 1497 929 foret,

165 959 272 984 nunc
301 945 436 985 uidere
465 953 504 985 et
533 945 747 985 conuenire
780 959 901 996 quam
937 954 975 985 te
1005 947 1227 985 mauellem.
1300 948 1368 984 ΡΑ.
1402 946 1499 996 quid

1412 1019 1470 1049 est
1484 1012 1500 1049 ?

164 1075 261 1126 quid
282 1077 496 1114 tumultuas
517 1089 609 1114 cum
631 1083 765 1114 nostra
786 1075 962 1114 familia?
1018 1078 1087 1114 PE.
1121 1075 1241 1115 occisi
1263 1089 1409 1114 sumus.

165 1142 234 1179 ΡΑ.
284 1140 381 1193 quid
419 1140 618 1190 negotist?
694 1142 762 1178 PE.
815 1154 874 1179 res
917 1142 1095 1191 palamst.
1176 1144 1244 1179 ΡΑ.
1295 1155 1396 1191 quae
1440 1154 1498 1180 res

889 1208 1019 1256 palam
1040 1209 1127 1246 est?
1188 1209 1255 1244 PE.
1288 1208 1339 1245 de
1360 1206 1499 1257 tegulis

165 1272 286 1310 modo
306 1271 530 1322 nescioquis
551 1270 787 1321 inspectauit
809 1279 986 1310 uostrum
1008 1271 1256 1310 familiarium

80 1348 143 1387 175
164 1349 232 1387 per
266 1344 444 1375 nostrum
482 1336 717 1387 impluuium
757 1336 863 1375 intus
901 1338 1009 1388 apud
1047 1351 1120 1376 nos
1160 1337 1497 1377 Philocomasium

1159 1411 1278 1454 atque
1299 1403 1496 1453 hospitem

163 1466 387 1506 osculantis.
448 1469 517 1506 PA.
551 1467 637 1518 quis
665 1469 787 1506 homo
815 1467 855 1507 id
880 1467 1009 1507 uidit?
1066 1471 1135 1506 PE.
1169 1470 1248 1507 tuo’
1269 1482 1494 1507 conseruos.

1045 1536 1114 1572 ΡΑ.
1148 1533 1236 1585 quis
1257 1534 1288 1572 is
1309 1535 1498 1572 homost?

165 1599 236 1637 PE.
265 1598 411 1646 neseio,
435 1598 488 1637 ita
508 1598 679 1649 abripuit
700 1607 862 1650 repente
883 1613 967 1638 sese
988 1599 1131 1638 subito.
1194 1602 1262 1638 PA.
1296 1599 1474 1650 suspicor

164 1677 228 1702 me
254 1663 424 1714 periisse.
485 1666 555 1702 PE.
587 1663 655 1702 ubi
679 1664 771 1712 abit,
795 1666 1025 1703 conclamo:
1060 1666 1178 1703 ‘heus
1200 1664 1297 1715 quid
1323 1665 1403 1716 agis
1434 1667 1497 1703 tu'

1037 1729 1199 1780 inquam
1224 1730 1285 1768 ‘in
1307 1730 1496 1781 tegulis?'

162 1793 227 1834 ille
247 1794 342 1833 mihi
363 1794 501 1833 abiens
522 1794 575 1834 ita
595 1795 810 1846 respondit,
836 1798 845 1816 ‘
859 1808 900 1834 se
923 1795 1060 1834 sectari
1082 1795 1261 1834 simiam.'

210 1898 269 1937 163
294 1896 465 1938 disperisti
482 1896 516 1927 Ρ
659 1899 718 1937 164
743 1897 868 1929 alariae
886 1897 919 1928 Ρ
1062 1899 1120 1937 165
1146 1898 1234 1929 taliis
1251 1899 1283 1929 Ρ
1390 1899 1495 1941 domi]

163 1941 250 1972 dolis
266 1942 298 1972 A
354 1940 501 1981 agitetP
590 1942 652 1972 166
675 1953 694 1972 a
707 1952 770 1973 om.
787 1942 818 1972 Ρ
905 1942 982 1973 huic
994 1942 1028 1972 Ρ
1118 1944 1177 1981 167
1203 1953 1390 1973 conseruus
1402 1954 1497 1974 meus

163 1986 196 2016 Ρ
211 1987 304 2025 (corr.
323 1984 386 2021 32)
526 1986 587 2015 168
611 1986 740 2025 expetit
759 1985 841 2016 nihil
860 1985 946 2017 facio
964 1987 1055 2026 quod
1072 1987 1104 2016 A
1244 1988 1305 2025 169
1329 1988 1445 2018 auenit
1462 1988 1494 2017 A

164 2034 263 2059 estne
281 2054 287 2060 .
307 2054 313 2060 .
331 2053 339 2060 .
360 2028 451 2070 pah]
480 2033 577 2059 estne
603 2030 784 2060 aduorsum
808 2033 860 2059 est
881 2030 978 2069 quasi
996 2031 1029 2061 P
1044 2029 1153 2070 (quasi
1167 2035 1229 2070 pro
1248 2031 1304 2070 qui
1324 2031 1395 2070 a-l)
1416 2036 1495 2070 (om.

164 2073 259 2104 uenit
277 2072 463 2103 Palaestrio
479 2083 486 2110 ;
511 2073 555 2104 iii.
576 2073 614 2113 2)
751 2084 811 2112 170
836 2073 937 2104 suerit
954 2073 988 2103 P
1119 2084 1175 2112 171
1204 2074 1334 2104 uideret
1350 2074 1383 2104 Ρ
1397 2075 1491 2115 (corr.

164 2116 228 2156 3²)
328 2127 428 2156 quam
449 2116 582 2146 ueniret
602 2116 634 2146 Ρ
649 2117 716 2156 (-re
733 2117 794 2158 ΒΔ)
816 2119 914 2157 (lpro
934 2118 1183 2157 quomueniret.
1209 2118 1347 2157 antiqua
1358 2118 1494 2160 forma)

165 2164 323 2199 quantem
347 2159 471 2190 auellet
494 2159 526 2189 P
549 2169 641 2199 (corr.
666 2159 729 2200 32)
868 2171 928 2199 172
953 2172 1019 2192 om.
1040 2162 1072 2192 Ρ
1090 2166 1234 2203 (propter
1254 2162 1492 2193 lzomocoarclz.»

166 2214 246 2243 qum
269 2203 332 2235 cod.
475 2213 534 2243 173
559 2204 618 2245 de]
645 2214 664 2234 a
686 2206 780 2244 (nota
798 2206 993 2244 personae&
1015 2206 1057 2235 de
1082 2206 1114 2234 A
1254 2216 1313 2244 174
1338 2206 1443 2244 quisis
1466 2205 1498 2235 P

170 2252 260 2278 (corr.
282 2246 346 2289 ΒΞ)
438 2253 625 2278 uestrarum
647 2247 679 2277 P
812 2250 872 2286 176
896 2249 928 2278 id
946 2248 1046 2288 uidit]
1067 2250 1164 2279 tuidit
1188 2249 1220 2279 Ρ
1307 2260 1492 2280 conseruus

168 2290 253 2332 [est]
272 2290 306 2320 P
393 2292 420 2321 is
445 2289 542 2331 [erit]
564 2290 598 2321 P
615 2291 708 2330 (corr.
735 2291 807 2333 32),
829 2291 916 2322 unde
939 2292 1100 2322 lectionem
1117 2292 1287 2332 duplis-em,
1309 2294 1444 2324 homost
1465 2299 1493 2323 et

166 2335 229 2365 erit
248 2335 368 2372 (immo
384 2336 484 2373 erat),
504 2335 587 2365 erm'l
596 2334 732 2375 Seyffi‘rt
823 2346 880 2375 177
906 2336 1046 2375 arripuit
1059 2336 1091 2365 A
1187 2338 1246 2375 178
1270 2337 1339 2367 abit
1358 2338 1489 2378 (praes.)

167 2378 268 2411 Bothe
358 2378 410 2420 [a]
429 2379 507 2419 quid
524 2377 557 2408 Ρ
570 2379 628 2419 (ἰν.
649 2383 684 2418 3)
775 2380 806 2409 in
825 2379 947 2418 tegulis
964 2390 1029 2411 om.
1050 2379 1082 2410 Ρ
1098 2379 1149 2419 (cf.
1167 2380 1199 2411 ii.
1218 2385 1250 2421 5]

1524 118 1578 154 II.
1597 117 1627 153 ii

1526 377 1560 397 10

1522 829 1558 861 15

1522 1353 1561 1374 20
