1747 2740
54 799 122 837 495

52 1458 119 1496 500

49 1853 114 1890 505

725 153 902 192 PERSA
1410 155 1479 192 IV.

202 266 277 304 To.
300 265 368 305 ubi
389 278 494 305 nunc
515 273 581 304 tua
601 265 806 304 libertast?
856 266 932 303 Do.
955 266 1061 316 apud
1085 272 1132 303 te.
1183 267 1257 303 To.
1281 265 1356 313 ain,
1374 266 1481 316 apud.

436 333 564 370 mest?
623 333 697 369 Do.
730 331 805 378 aio,
829 330 1003 380 inquam,
1025 332 1132 380 apud
1154 339 1191 369 te
1213 340 1280 378 est,
1306 331 1479 382 inquam.

200 397 275 435 To.
307 395 361 434 ita
387 410 450 435 me
477 395 516 435 di
543 395 677 434 ament
707 403 749 434 ut
777 396 829 434 ob
858 395 982 434 istanc
1010 409 1091 434 rem
1123 395 1192 434 tibi
1225 398 1345 434 multa
1376 396 1481 435 bona

1194 460 1340 499 instant
1359 475 1382 499 a
1403 475 1476 500 me,

200 540 291 565 nam
313 534 371 566 est
391 540 451 565 res
471 527 668 577 quaedam
689 539 810 577 quarn
827 527 1074 565 occultabam
1098 526 1165 564 tibi
1189 526 1319 565 dicere
1337 542 1343 565 :
1374 541 1480 566 nune

1191 606 1277 630 eam
1300 593 1478 640 narrabo,

198 658 291 696 und'
331 665 372 696 tu
396 658 614 708 pergrande
641 658 793 696 lucrum
824 657 971 695 facias:
1003 656 1143 695 faciam
1170 665 1212 695 ut
1241 657 1316 696 mei
1345 658 1479 696 memi-

1101 723 1213 769 neris,
1237 724 1332 762 durn
1355 723 1476 762 uitam

196 787 318 827 uiuas.
380 789 456 827 Do.
489 788 592 827 bene
619 787 734 827 dictis
759 788 835 827 tuis
862 788 965 827 bene
987 789 1090 827 facta
1109 801 1221 826 aures
1243 802 1354 827 meae
1373 788 1478 827 arixi-

1129 854 1223 891 lium
1246 862 1475 904 exposcunt.

195 921 270 958 To.
303 926 414 958 tuom
436 919 730 970 promeritumst
748 918 887 958 merito
908 927 950 957 ut
971 918 1123 957 facia'm.
1174 927 1213 958 et
1233 927 1275 957 ut
1296 933 1359 958 me
1379 920 1479 959 scias

1092 998 1177 1023 esse
1198 985 1251 1023 ita
1271 987 1476 1035 facturum,

249 1051 412 1090 tabellas
433 1058 524 1089 tene
544 1052 625 1098 has,
649 1051 811 1101 pellege.
874 1052 950 1088 Do.
975 1051 1050 1088 hae
1071 1050 1167 1100 quid
1188 1050 1239 1089 aid
1260 1050 1354 1090 me?
1400 1053 1475 1090 To.

829 1115 954 1154 immo
973 1117 1025 1154 ad
1047 1123 1084 1154 te
1105 1115 1273 1154 attinent
1293 1124 1332 1155 et
1351 1124 1419 1155 tua
1438 1130 1479 1156 re

246 1183 332 1230 fert,
353 1195 445 1220 nam
473 1196 519 1220 ex
548 1181 679 1220 Persia
706 1182 757 1220 ad
786 1182 878 1220 med
906 1183 1061 1220 adlatae
1093 1184 1214 1221 modo
1242 1190 1333 1221 sunt
1357 1182 1478 1222 istaec

454 1261 476 1286 a
498 1261 587 1287 meo
609 1261 686 1286 ero.
749 1249 826 1286 Do.
860 1249 1056 1298 quando?
1112 1250 1186 1286 To.
1210 1250 1288 1287 hau
1310 1250 1474 1289 dudum.

194 1315 270 1353 Do.
303 1313 400 1365 quid
421 1313 517 1352 istae
544 1312 734 1352 narrarit?
790 1315 866 1352 To.
898 1320 1129 1364 percontare
1151 1328 1197 1352 ex
1218 1313 1311 1364 ipsis
1331 1330 1338 1352 :
1368 1314 1476 1365 ipsae

1155 1378 1226 1417 tibi
1249 1380 1472 1418 narrabunt.

140 1446 216 1484 Do.
248 1446 349 1484 cedo
370 1457 464 1483 sane
484 1444 592 1482 mihi.
650 1446 725 1482 To.
749 1451 788 1482 at
808 1445 911 1483 clare
931 1444 1105 1483 recitato.
1157 1446 1233 1482 Do.
1258 1452 1354 1492 tace,
1378 1447 1474 1484 dum

525 1511 690 1561 pellego.
750 1512 824 1548 To.
857 1510 1000 1549 recita:
1031 1511 1109 1548 hai'i
1130 1511 1296 1550 uerbum
1319 1511 1469 1550 faciam.

246 1578 322 1615 Do.
357 1579 366 1596 ‘
379 1578 545 1615 salutern
567 1575 663 1614 dicit
683 1576 826 1614 Toxilo
847 1575 1121 1615 Timarchides

243 1649 281 1680 et
302 1641 472 1680 familiae
494 1641 614 1680 omni.
674 1641 705 1679 si
727 1641 877 1690 ualetis,
906 1643 1072 1692 gaudeo.

244 1721 317 1758 ego
337 1709 452 1746 ualeo
472 1715 577 1746 recte
597 1715 635 1746 et
657 1721 739 1746 rem
760 1720 852 1757 gero
873 1715 911 1745 et
931 1707 1032 1746 facio
1049 1709 1201 1746 lucrum

247 1786 378 1824 neque
399 1773 497 1812 istoc
518 1772 644 1812 redire
665 1772 724 1810 his
746 1781 837 1811 octo
858 1786 1019 1823 possum
1043 1774 1256 1822 mensibus,

243 1839 375 1889 itaque
395 1838 459 1877 hic
480 1846 538 1877 est
558 1840 668 1888 quod
689 1852 753 1877 me
773 1838 924 1877 detinet
945 1839 1158 1889 negotium.

243 1903 521 1954 Chrysopolim
544 1905 685 1942 Persae
707 1917 847 1954 cepere
869 1904 1006 1942 urbem
1029 1903 1067 1941 in
1089 1904 1246 1953 Arabia,

241 1972 399 2021 plenam
422 1970 614 2008 bonarum
637 1983 765 2008 rerum
786 1977 906 2020 atque
926 1969 1132 2020 antiquom
1154 1971 1347 2021 oppidum
1366 1985 1375 2011 ξ

241 2050 288 2075 ea
308 2043 577 2086 comportatur
598 2037 754 2086 praeda,
780 2044 820 2074 ut
843 2037 909 2074 fiat
930 2035 1061 2074 auctio

175 2151 234 2182 491
263 2141 401 2173 libertas
426 2140 459 2171 P
598 2151 663 2181 493
687 2151 727 2172 ea
759 2141 846 2172 codd.
881 2140 985 2171 Nom?
1013 2150 1077 2171 210
1407 2156 1470 2185 494

132 2186 357 2226 pergrandem
374 2185 506 2216 Nonius
522 2187 657 2216 testatus
663 2195 738 2225 gen.
758 2195 869 2220 masc.v
886 2185 943 2215 sed
951 2185 1078 2215 lucrum
1095 2184 1113 2215 f.
1133 2183 1274 2225 displicet
1403 2197 1467 2227 495

131 2230 225 2262 uiuas
235 2229 344 2270 priori
367 2241 394 2261 v.
413 2228 565 2260 adhaeret
580 2228 613 2259 A
628 2229 672 2269 (et
687 2229 719 2260 P
732 2230 759 2268 2)
851 2229 937 2259 dicis
952 2228 986 2258 P
1074 2228 1175 2269 sacta]
1189 2229 1272 2260 actis
1285 2228 1316 2258 A
1409 2241 1465 2261 ex-

131 2274 303 2314 postulant
326 2272 360 2304 P
445 2273 510 2313 496
533 2273 579 2303 ita
604 2283 670 2304 om.
689 2272 722 2303 P
852 2283 914 2311 497
942 2273 1025 2302 istae
1047 2271 1160 2303 Baclzt
1185 2273 1249 2303 hac
1265 2275 1270 2304 Ε
1289 2273 1464 2310 (intcrsecffi

130 2317 266 2359 Seyffert
354 2317 504 2348 alienent
520 2317 552 2347 A
654 2317 718 2356 498
732 2327 808 2347 nam
821 2327 863 2346 ex
880 2316 994 2347 Persia
1011 2321 1089 2346 sunt
1104 2316 1206 2347 istaec
1223 2316 1342 2357 allatae
1355 2318 1434 2348 mihi
1447 2329 1465 2358 ᾳ

132 2373 206 2402 meo
221 2361 313 2400 (erlo
326 2362 358 2391 A
374 2361 504 2400 (amm)
523 2371 530 2391 t
548 2371 623 2391 nam
636 2371 654 2391 e
666 2361 778 2400 persia
792 2361 833 2391 ad
849 2370 902 2391 me
915 2359 1036 2390 allatae
1048 2361 1150 2390 modo
1162 2366 1241 2391 sunt
1255 2362 1340 2392 istae
1353 2372 1372 2392 a
1390 2372 1466 2393 meo

133 2405 270 2436 domino
290 2405 339 2436 P:
365 2404 467 2435 bacch.
488 2405 676 2443 lzrptamelr,
695 2404 808 2444 scripsi
905 2414 970 2442 499
993 2403 1042 2433 vel
1059 2403 1163 2434 istaec
1273 2415 1338 2444 500
1362 2406 1466 2436 recita

132 2460 198 2480 om.
218 2449 250 2480 P
336 2459 399 2488 504
425 2447 489 2477 isto
508 2448 651 2477 reddere
668 2448 700 2478 P
789 2457 851 2485 505
877 2448 1012 2477 detenet
1030 2447 1062 2476 A
1155 2449 1219 2486 506
1244 2448 1464 2490 Cleusipolini

132 2491 166 2523 P
251 2493 315 2532 508
340 2497 552 2532 comparatur
568 2490 602 2521 P

1503 154 1547 191 iii

1499 802 1539 835 25
