1747 2740
156 137 224 181 IV.

211 722 227 751 s
252 711 317 748 D1.
350 710 460 749 redin
481 724 531 748 an
554 723 634 748 non
655 709 790 749 redis?
860 711 928 748 As.
961 718 1079 749 uocat
1107 723 1170 749 me
1190 723 1292 761 quae
1314 709 1353 748 in
1375 724 1438 749 me
1458 717 1590 760 potest
1609 719 1674 757 755

247 138 278 177 ii
671 139 716 177 T.
750 138 931 178 MACCI
965 138 1110 177 PLAV
1112 139 1170 178 TI

248 250 352 289 bene
373 252 471 289 nale.
533 251 597 288 D1.
630 249 774 289 resiste.
835 252 903 288 As.
936 249 1084 289 omitte.
1147 251 1213 289 D1.
1245 250 1330 291 sine
1357 264 1445 291 eam
1471 250 1585 292 intro.

1180 318 1248 355 As.
1279 318 1332 356 ad
1352 325 1391 357 te
1411 317 1585 369 quidem.

251 383 317 420 D1.
348 382 471 420 immo
493 382 590 421 istoc
611 383 662 420 ad
687 395 758 421 uos
777 380 908 433 (uolo)
927 381 991 421 ire.
1052 383 1120 421 AS.
1153 395 1234 421 non
1255 390 1396 433 potest,
1420 383 1587 422 nimium

1473 448 1585 499 petis.

250 515 315 551 D1.
348 514 433 551 sine
454 512 741 564 experiri—As.
774 512 897 551 immo
918 512 1108 563 opperire.
1168 511 1228 551 uis
1249 521 1308 552 est
1328 512 1546 564 experirier.

252 580 316 616 D1.
350 578 414 617 dic
453 592 517 617 me
554 579 704 617 adesse.
773 580 844 617 As.
873 578 950 625 abi,
987 586 1229 628 occupatast.
1297 592 1358 618 res
1397 579 1500 628 itast,
1537 592 1588 618 ne

1363 645 1503 684 frustra
1523 644 1586 684 sis.

1213 777 1302 826 plus
1322 789 1443 827 quam
1462 783 1587 827 potes.

251 843 315 879 D1.
349 855 429 880 uno
451 841 574 880 uerbo
588 843 699 879 -As
733 842 928 892 eloquere.
991 842 1056 880 D1.
1089 840 1218 880 mittin
1242 855 1305 880 me
1329 841 1462 880 intro?
1518 843 1586 880 AS.

1241 908 1415 946 mendax
1434 919 1486 953 es,
1509 906 1585 946 abi.

248 986 372 1011 unum
393 971 537 1019 aiebas,
562 972 633 1010 tria
655 971 731 1010 iam
753 970 850 1010 dixti
871 971 993 1010 uerba
1012 979 1132 1022 atque
1153 969 1236 1023 (ea)
1258 971 1536 1011 mendacia.—

251 1039 315 1076 D1.
348 1037 444 1076 abiit
465 1037 578 1085 intro,
603 1036 778 1076 exclusit.
839 1050 941 1087 egon
962 1044 1004 1075 ut
1025 1038 1123 1075 haec
1145 1036 1242 1074 mihi
1262 1036 1387 1087 patiar
1406 1036 1490 1076 fieri
1505 1039 1523 1076 ?

249 1103 326 1141 iam
348 1104 479 1141 hercle
500 1116 573 1153 ego
594 1102 676 1150 tibi,
699 1101 909 1149 inlecebra,
932 1103 1048 1141 ludos
1069 1101 1211 1140 faciam
1232 1103 1405 1141 clamore
1424 1101 1465 1141 in
1485 1101 1564 1151 uia,

1701 2509 1726 2545 ἐς·

1714 2551 1725 2582 l

1715 2608 1722 2624 i

190 1180 205 1210 ἓ
250 1182 352 1219 quae
371 1169 586 1207 aduorsum
607 1169 734 1218 legem
755 1166 941 1218 accepisti
961 1181 984 1205 a
1003 1166 1196 1217 plurumis
1216 1167 1427 1218 pecuniam
1444 1182 1456 1217 3
1610 1169 1680 1212 760

251 1234 328 1272 iam
349 1235 480 1273 hercle
500 1234 608 1284 apud
635 1246 762 1273 nouos
785 1230 949 1286 [omnis]
971 1231 1219 1283 magistratus
1240 1234 1330 1272 faxo
1350 1232 1422 1272 erit
1442 1246 1591 1273 nomen

1465 1306 1590 1346 tuom,

250 1365 383 1417 postid
404 1379 477 1416 ego
498 1373 536 1404 te
558 1377 720 1403 manum
742 1363 900 1402 iniciam
922 1363 1172 1414 quadrupuli,
1194 1364 1385 1411 uenefica,

252 1431 474 1482 suppostrix
502 1443 682 1481 puerum.
753 1442 827 1480 ego
851 1429 995 1479 edepol
1025 1426 1142 1481 (iam)
1167 1436 1235 1467 tua
1258 1429 1402 1480 probra
1429 1428 1593 1480 aperibo

1445 1493 1590 1533 omnia„

255 1561 352 1600 nihil
374 1575 438 1600 me
456 1558 689 1612 (prohibet)
711 1558 864 1610 perdidi
886 1572 1006 1597 omne
1027 1559 1137 1609 quod
1157 1558 1252 1598 fuit:
1283 1560 1336 1599 fio
1356 1558 1555 1610 inpudens

196 1639 232 1670 5·
257 1641 330 1665 nec
351 1626 404 1664 mi
424 1627 563 1665 adeost
583 1624 779 1663 tantillum
800 1623 912 1674 pensi
934 1623 1011 1661 iam
1033 1636 1133 1673 quos
1154 1623 1308 1674 capiam
1328 1625 1495 1664 calceos.
1611 1627 1678 1670 765

300 1742 356 1771 751
384 1732 471 1762 bene
489 1731 601 1761 ualere
627 1730 708 1761 siste
733 1730 869 1760 omittes
895 1729 971 1759 inea
996 1727 1126 1770 m[itto]
1152 1729 1240 1759 intro
1262 1728 1329 1760 cod.
1350 1729 1409 1769 (iv.
1428 1729 1463 1769 3)
1483 1741 1490 1760 :
1513 1741 1593 1762 corr.

257 1775 477 1809 Camerarius,
497 1774 624 1805 Sclzocll
734 1783 797 1813 752
822 1772 901 1803 uolo
918 1772 994 1803 add.
1012 1772 1188 1803 Buecheler
1274 1774 1356 1804 irem
1373 1772 1440 1806 cod.
1502 1775 1592 1814 petis

255 1819 385 1850 Bocckcl
396 1830 402 1848 :
429 1819 498 1858 pati
525 1818 589 1849 cod.
750 1827 812 1856 753
836 1827 914 1856 exp.
936 1817 1010 1847 sine
1030 1817 1152 1849 isinem
1177 1816 1225 1847 B*
1243 1816 1311 1848 cod.
1331 1828 1339 1847 :
1371 1817 1446 1848 troi.
1466 1816 1589 1848 Bothe:

254 1865 327 1894 sine
344 1862 402 1893 del.
423 1862 488 1893 Leo
599 1861 790 1901 opperirem
807 1860 873 1891 cod.
989 1860 1147 1899 experire
1164 1859 1230 1891 cod.
1248 1871 1256 1890 t
1279 1871 1356 1892 corr.
1378 1860 1593 1892 Camerarius

257 1917 319 1946 754
343 1907 450 1937 dicam
477 1907 599 1937 adesse
624 1906 680 1936 ubi
707 1909 905 1944 occupatast
931 1903 1066 1934 resistat
1091 1908 1126 1934 et
1144 1903 1186 1944 (r.
1203 1914 1247 1934 ex
1270 1914 1314 1934 ex
1337 1904 1383 1942 B)
1403 1904 1528 1935 frustra
1547 1905 1592 1935 sit

255 1950 322 1981 cod.
343 1961 350 1980 :
374 1961 449 1980 corr.
471 1949 614 1991 Spengel
715 1950 772 1980 vix
787 1954 822 1979 ut
840 1948 860 1979 s.
880 1958 907 1979 S.
1047 1957 1109 1987 755
1134 1958 1202 1979 non
1223 1948 1319 1978 redin
1340 1948 1368 1979 si
1385 1953 1485 1980 uocat
1500 1947 1566 1979 cod.
1584 1959 1592 1979 ε

257 2005 334 2025 corr.
354 1994 573 2032 Camerarius,
591 1994 725 2034 Geppcrt
812 1992 840 2023 si
858 2003 889 2022 u.
907 2002 960 2022 me
976 1992 1032 2031 qui
1050 1990 1178 2022 Schoell
1264 1996 1364 2031 potes
1379 1990 1592 2023 Lambinus:

258 2043 371 2077 potest
389 2038 455 2068 cod.
549 2048 636 2078 quae
654 2038 686 2067 in
705 2047 758 2067 me
775 2035 850 2076 plus
866 2045 964 2075 quam
983 2040 1017 2066 tu
1037 2040 1149 2075 potest
1168 2035 1293 2067 Goeller
1416 2037 1480 2076 756
1503 2036 1591 2067 mitti

257 2083 346 2112 inme
370 2081 436 2112 cod.
593 2091 654 2122 757
675 2080 785 2111 alebat
804 2079 923 2110 stridia
937 2079 1021 2109 dixti
1043 2090 1073 2110 u.
1093 2080 1193 2110 *dixit
1210 2079 1312 2110 uei-be
1333 2079 1376 2118 Β)
1394 2080 1462 2111 cod.
1479 2091 1487 2111 :
1509 2090 1588 2111 corr.

257 2126 472 2157 Cameram'us
560 2136 602 2157 ea
619 2125 694 2156 add.
715 2123 913 2154 Gulielmius
1047 2124 1108 2162 758
1132 2123 1274 2154 exclusit
1291 2122 1453 2165 Spengel:
1478 2123 1592 2154 incluit

258 2170 384 2209 (induit
401 2169 486 2200 PCD‘
510 2169 575 2200 cod.
681 2178 770 2207 egon
789 2167 920 2198 Lonmn
939 2178 946 2196 ε
971 2177 1034 2205 ego
1051 2166 1117 2198 cod.
1277 2177 1340 2207 759
1364 2168 1545 2199 clamorem
1562 2166 1594 2198 B

256 2216 320 2254 760
343 2224 443 2253 quem
475 2214 503 2243 Β
593 2212 753 2252 accepisti
783 2222 802 2242 a
830 2211 897 2249 (ab)
927 2209 1027 2241 Ital.:
1059 2211 1238 2250 accepistis
1265 2213 1308 2242 ad
1335 2211 1400 2243 cod.
1432 2217 1508 2253 [pro
1532 2211 1590 2249 ab)

258 2259 316 2297 761
341 2269 448 2289 nouos
475 2257 547 2291 (del.
566 2258 693 2287 omnis‘x
719 2255 849 2296 Bergk:
874 2264 936 2284 nos
962 2254 1070 2285 omnis
1094 2254 1158 2285 cod.
1180 2261 1260 2295 *ipro
1276 2265 1338 2286 nos
1361 2265 1400 2286 os
1413 2257 1439 2286 'tl
1468 2255 1592 2293 (omnis

256 2307 387 2333 tutatur
401 2302 481 2333 Leon
603 2303 665 2340 762
690 2300 747 2330 tibi
766 2299 891 2330 selme-ll
957 2298 1084 2328 initiam
1103 2299 1300 2338 quadruplis
1316 2299 1482 2330 beneficia
1498 2297 1566 2330 cod.
1583 2309 1592 2329 ε

255 2357 335 2377 corr.
348 2346 437 2383 Ital„
451 2346 666 2376 saumarius
758 2345 819 2383 763
836 2343 899 2373 iam
918 2347 973 2372 tua
994 2342 1205 2372 Camerarius
1222 2353 1228 2372 :
1253 2342 1299 2373 itu
1319 2353 1337 2372 a
1355 2342 1422 2374 cod.
1485 2343 1590 2382 proba

255 2390 321 2421 cod.
460 2392 519 2428 764
546 2389 700 2428 prohibet
719 2387 797 2418 add.
817 2386 880 2416 Leo
1011 2388 1072 2424 765
1089 2387 1184 2416 adest
1201 2385 1267 2416 cod.
1290 2397 1297 2416 :
1321 2396 1400 2418 coir.
1419 2385 1592 2416 Aa'dalius

257 2433 424 2464 tantillum
445 2433 663 2463 Cusuubonus
679 2445 683 2449 -
709 2432 749 2461 nd
769 2431 857 2460 illum
876 2430 935 2460 cml
