1747 2740
198 1187 236 1210 10

197 1515 232 1547 ¹5

207 1677 238 1715 ii

774 394 1012 443 ACTVS
1066 393 1084 440 Ι

721 502 1146 539 MEGARONIDES

312 588 499 628 Amicum
521 587 709 638 castigare
731 589 782 627 ob
806 588 984 626 meritam
1006 587 1165 626 noxiam

312 652 498 692 inmoene
519 661 577 692 est
598 652 764 701 facinus,
785 666 923 692 uerum
945 652 984 690 in
1005 659 1133 691 aetate
1155 651 1248 690 utile

311 726 349 757 et
370 718 632 758 conducibile.
692 719 783 757 nam
805 732 879 768 ego
899 717 1072 756 amicum
1093 717 1213 756 hodie
1234 730 1367 756 meum

312 783 593 834 concastigabo
615 797 685 834 pro
707 783 940 822 commerita
960 782 1090 831 noxia,

311 848 469 896 inuitus,
493 849 533 887 ni
554 848 593 888 id
615 862 678 888 me
700 848 840 888 inuitet
861 856 904 887 ut
924 848 1065 888 faciam
1086 849 1194 888 fides.

311 927 403 952 nam
425 914 488 953 hic
510 914 675 953 nimium
698 915 861 953 morbus
882 927 1011 953 mores
1033 913 1177 952 inuasit
1198 913 1326 952 bonos
1343 927 1354 962 3

310 979 363 1018 ita
383 979 560 1030 plerique
582 993 721 1018 omnes
743 979 820 1018 iam
843 987 934 1018 sunt
955 979 1212 1018 intermortui.

310 1046 380 1083 sed
402 1046 498 1084 dum
519 1044 573 1083 illi
594 1052 810 1095 aegrotant,
834 1044 990 1083 interim
1012 1058 1140 1084 mores
1162 1043 1254 1082 mali

310 1110 421 1160 quasi
444 1111 566 1149 herba
586 1110 738 1161 inrigua
759 1123 991 1150 succreuere
1012 1110 1222 1149 uberrume
1240 1124 1250 1157 3

310 1190 440 1226 neque
461 1175 674 1226 quicquam
696 1175 760 1214 hic
781 1189 888 1214 nunc
910 1182 967 1214 est
988 1174 1066 1214 uile
1086 1174 1161 1213 nisi
1182 1187 1310 1213 mores
1332 1173 1424 1213 mali
1439 1188 1450 1223 ς

309 1255 444 1279 eorum
466 1241 557 1280 licet
578 1241 656 1280 iarn
678 1248 825 1280 metere
847 1254 1018 1280 messem
1039 1253 1289 1279 maxumam:

307 1306 512 1357 nimioque
533 1306 597 1345 hic
618 1306 739 1357 pluris
760 1306 992 1357 pauciorum
1012 1305 1176 1356 gratiam

305 1372 454 1412 faciunt
474 1387 561 1423 pars
583 1372 791 1412 hominum
813 1386 932 1423 quam
953 1372 994 1411 id
1016 1372 1124 1422 quod
1145 1371 1296 1422 prosint
1315 1370 1503 1422 pluribus.

307 1437 360 1476 ita
380 1437 547 1476 uincunt
570 1437 668 1477 illud
689 1437 943 1477 conducibile
964 1437 1121 1487 gratiae,

306 1517 408 1553 quae
430 1502 468 1541 in
490 1504 606 1542 rebus
628 1503 761 1542 multis
782 1510 940 1554 opstant
961 1502 1224 1553 odiossaeque
1245 1509 1336 1541 sunt

308 1582 583 1619 remoramque
603 1568 752 1608 faciunt
773 1568 826 1607 rei
848 1568 1022 1619 priuatae
1043 1575 1081 1607 et
1102 1567 1294 1618 publicae.

474 1682 794 1720 CALL1CLES
907 1682 1334 1719 MEGARONIDES

309 1764 380 1803 CA.
414 1765 555 1803 Larem
577 1777 724 1803 corona
744 1770 922 1802 nostrum
944 1763 1121 1803 decorari
1141 1764 1244 1802 uolo.

306 1842 412 1876 uxor,
436 1842 623 1868 uenerare
644 1836 686 1867 ut
708 1828 824 1867 nobis
845 1829 943 1867 haec
965 1827 1157 1867 habitatio

307 1894 423 1941 bona,
447 1895 583 1942 fausta,
607 1893 697 1934 felix
720 1895 999 1945 fortunataque
1021 1901 1221 1933 euenat—

306 1967 425 2009 teque
446 1968 487 1998 ut
508 1973 628 2010 quam
650 1959 820 2010 primum
842 1959 990 2010 possim
1013 1959 1170 1999 uideam
1193 1967 1424 1998 emortuam.

307 2026 390 2062 ME.
424 2024 487 2063 hic
508 2024 573 2063 ille
594 2025 651 2063 e'st
674 2032 834 2063 senecta
853 2032 981 2063 aetate
1003 2024 1068 2075 qui
1090 2026 1232 2063 factust
1253 2038 1359 2075 puer,

304 2089 371 2140 qui
392 2089 551 2128 admisit
571 2089 611 2127 in
633 2103 674 2128 se
695 2091 852 2139 culpam
875 2089 1153 2139 castigabilem.

1613 1056 1660 1091 30

1611 1382 1654 1418 35

1609 1843 1655 1877 4ο

294 2203 335 2232 23
359 2204 412 2225 me
432 2195 464 2234 (i.
480 2206 502 2225 e.
525 2193 610 2235 ΜΕ.)
637 2195 780 2225 amicum
798 2193 830 2223 P
932 2193 1013 2235 [non
1040 2193 1142 2234 mala]
1170 2194 1305 2224 noxiam
1331 2193 1363 2224 Ρ
1385 2193 1465 2233 (ζίν.
1487 2203 1526 2233 3;
1553 2193 1584 2225 Μ

244 2242 307 2278 pro
324 2237 366 2275 X,
389 2238 414 2268 L
434 2243 497 2278 pto
514 2237 546 2278 1)
659 2247 700 2277 25
725 2238 824 2269 hodie
842 2237 986 2266 amicum
1003 2237 1036 2266 A
1149 2247 1188 2276 27
1217 2247 1269 2268 me
1287 2237 1319 2268 id
1338 2236 1370 2267 P
1435 2237 1534 2268 saciat
1552 2237 1585 2267 A

247 2291 291 2320 29
307 2282 462 2321 plerique
480 2281 660 2312 0l1'lm·vet.’
680 2280 857 2312 Lambini:
884 2281 1044 2320 prerique
1062 2280 1094 2310 A
1111 2293 1117 2311 :
1144 2280 1341 2320 plerumque
1358 2279 1391 2308 P
1477 2281 1583 2311 horni-

248 2335 310 2355 nes
334 2327 366 2356 A
503 2335 540 2364 31
570 2329 811 2356 succreuerunt
840 2323 872 2353 P
910 2325 966 2355 rte.
991 2330 1188 2355 succrerunt
1204 2325 1230 2364 ἲ)
1379 2334 1420 2363 33
1445 2329 1520 2355 anlc
1541 2335 1583 2364 32

248 2369 379 2399 collocat
390 2368 563 2400 Buecheler
664 2379 706 2408 32
728 2369 795 2399 uile
813 2377 903 2398 nunc
917 2373 969 2398 est
987 2367 1020 2397 P
1114 2369 1157 2407 36
1181 2367 1405 2398 conductibile
1423 2367 1456 2397 P
1541 2380 1584 2407 40

249 2413 346 2443 uobis
363 2413 395 2442 A
516 2424 557 2448 42
582 2414 687 2453 possit
706 2412 891 2443 Lambinus
