1747 2740
190 181 298 220 IV.i
699 181 745 219 T.
780 182 961 221 MACCI
993 181 1197 220 PLAVTI

279 301 400 344 atque
430 294 533 332 hanc
562 300 670 332 tuam
700 291 864 343 gloriam
894 291 972 330 iam
1001 299 1094 332 ante
1123 291 1282 332 auribus
1311 305 1541 344 acceperam
1575 301 1615 333 et

1101 357 1273 396 nobilest
1291 359 1399 408 apud
1420 357 1617 406 homines,

220 439 259 462 ιο
280 423 518 473 pauperibus
533 430 571 462 te
585 436 743 474 parcere
758 422 929 469 solitum,
946 421 1089 461 diuites
1106 423 1294 462 damnare
1307 430 1426 473 atque
1439 423 1615 462 domare.

278 487 356 536 abi,
378 489 509 536 laudo,
533 488 608 527 scis
635 487 774 527 ordine
804 495 846 526 ut
875 495 1085 538 aequomst
1115 494 1278 526 tractare
1302 487 1484 526 homines
1499 501 1510 536 ;
1538 488 1615 526 hoc
1634 491 1704 534 830

1317 552 1378 592 dis
1399 552 1611 604 dignumst.

442 632 597 670 semper
619 617 811 658 mendicis
833 617 1004 657 modesti
1025 617 1113 656 sint.

279 686 372 723 fidu'
399 684 528 723 fuisti:
559 684 727 724 infidum
755 697 841 723 esse
869 683 1009 723 iterant
1024 698 1035 732 3
1064 697 1155 722 narn
1182 697 1333 735 apsque
1360 685 1458 723 soret
1485 692 1534 732 te,
1557 691 1616 723 sat

1371 748 1454 787 scio
1475 748 1515 787 in
1534 750 1615 788 alto

280 815 548 854 distraxissent
569 814 710 865 disque
732 813 912 853 tulissent
928 815 1113 853 satellites
1135 813 1190 853 tui
1207 828 1270 853 me
1292 813 1476 853 miserum
1499 815 1616 853 foede

224 897 258 929 15
281 881 467 931 bonaque
505 879 640 919 omnia
677 879 772 919 item
811 893 890 918 una
928 893 1085 918 mecum
1125 879 1270 930 passim
1309 880 1510 918 caeruleos
1547 893 1616 930 per

1428 957 1615 995 campos:

281 1011 334 1049 ita
354 1011 431 1049 iam
448 1011 560 1061 quasi
576 1024 705 1058 canes,
721 1011 799 1049 hau
820 1011 935 1057 secu',
954 1009 1260 1049 circumstabant
1280 1022 1424 1048 nauem
1440 1007 1615 1048 turbines
1634 1013 1700 1059 835

1493 1073 1613 1121 uenti,

280 1141 425 1180 imbres
447 1143 671 1191 fluctusque
691 1148 809 1191 atque
837 1139 1032 1191 procellae'
1057 1140 1232 1180 infensae
1259 1141 1434 1191 frangere
1455 1141 1614 1186 malum,

280 1220 391 1246 ruere
424 1214 643 1253 antemnas,
680 1206 860 1245 scindere
899 1206 996 1253 uela,
1027 1205 1066 1244 ni
1105 1213 1171 1244 tua
1209 1219 1284 1257 pax
1317 1204 1485 1257 propitia
1518 1206 1617 1244 foret

1447 1278 1614 1321 praesto.

281 1350 404 1387 apage
434 1350 457 1375 a
486 1350 551 1375 me
581 1336 648 1385 sis,
667 1336 813 1375 dehinc
844 1336 921 1375 iarn
951 1344 1139 1376 certumst
1169 1336 1251 1376 otio
1279 1337 1373 1376 dare
1403 1349 1491 1383 me;
1533 1334 1617 1374 sati'

1311 1408 1466 1452 partum
1486 1400 1617 1440 habeo

221 1482 261 1504 20
281 1466 425 1518 quibus
445 1466 644 1506 aerumnis
665 1466 875 1515 deluctaui‚
899 1466 980 1505 filio
1001 1468 1097 1506 dum
1118 1466 1275 1506 diuitias
1296 1479 1454 1517 quaero.

443 1534 514 1571 sed
535 1532 622 1583 quis
644 1532 707 1571 hic
729 1540 786 1570 est
808 1532 875 1582 qui
896 1532 935 1570 in
958 1534 1127 1583 plateam
1149 1531 1364 1583 ingreditur
1635 1535 1705 1579 840

442 1611 534 1636 cum
555 1611 662 1637 nouo
683 1606 822 1636 ornatu
844 1598 1054 1648 specieque
1075 1598 1220 1636 simul?

443 1665 509 1714 pol
530 1677 772 1714 quamquam
789 1664 955 1702 domum
977 1661 1106 1712 cupio,
1129 1660 1319 1712 opperiar,

445 1742 564 1780 quam
585 1728 649 1767 hic
669 1729 750 1768 rem
771 1736 859 1779 agat
879 1728 1055 1767 animum
1076 1729 1294 1767 aduortam.
1633 1731 1722 1774 842·

233 1904 263 1941 ii
536 1901 915 1939 SYCOPHANTA
1026 1900 1372 1939 CHARMIDES

339 1989 403 2027 Sv.
448 1986 558 2026 Huic
592 2000 666 2038 ego
704 1987 768 2026 die
807 2000 953 2026 nomen
984 1987 1220 2026 Trinummo
1252 1987 1377 2026 facio:
1416 2001 1508 2026 nam
1543 2000 1617 2038 ego

1305 2066 1465 2104 operam
1487 2066 1615 2092 meam

327 2156 392 2186 828
418 2156 548 2187 nobiles
567 2156 702 2194 (nobilis
725 2156 771 2187 Bi
789 2155 857 2188 cod.
876 2168 882 2187 :
906 2167 984 2187 corr.
1007 2157 1070 2188 Leo
1159 2167 1240 2197 apra
1257 2156 1289 2187 Β
1376 2157 1441 2196 830
1464 2157 1616 2188 ordinem

285 2199 350 2231 cod.
381 2201 474 2231 (corr.
507 2199 596 2237 PCD)
743 2201 802 2239 831
831 2200 888 2231 del.
925 2200 1068 2237 Mueller,
1105 2212 1185 2231 nam
1219 2200 1451 2232 modesti-sint
1479 2200 1619 2241 ‹lrsplise‘t

285 2244 348 2282 834
374 2243 492 2285 (mea)
521 2254 650 2273 mecum
684 2243 844 2284 Spengel:
878 2245 990 2275 omnia
1015 2243 1134 2287 (mea)
1161 2243 1236 2281 Leo,
1274 2249 1311 2275 ut
1340 2245 1528 2275 octonarius
1549 2244 1619 2283 fia!

285 2288 348 2325 835
372 2286 487 2317 accedit
502 2287 546 2326 A,
563 2288 673 2327 prima
689 2287 784 2318 verba
802 2288 953 2318 turbines
971 2289 1064 2318 uenti
1155 2290 1247 2319 uenit
1275 2287 1308 2318 P
1392 2289 1453 2327 837
1473 2288 1617 2328 propitia

288 2341 353 2370 pax
372 2331 403 2359 A
479 2331 543 2370 838
565 2342 584 2361 a
602 2342 668 2361 om.
690 2330 722 2360 P
808 2331 931 2362 dehinc
950 2332 1032 2373 iam]
1050 2332 1175 2363 deinde
1192 2333 1271 2363 hinc
1285 2331 1322 2362 P
1422 2342 1474 2362 me
1491 2332 1571 2362 dare
1588 2330 1622 2361 P

286 2376 352 2412 839
368 2375 507 2414 quibus]
525 2385 600 2405 cum
619 2376 713 2405 hisce
730 2374 818 2406 codd.
835 2374 1010 2413 N0111‘1'468
1099 2377 1156 2414 841
1178 2376 1394 2415 speciemque
1407 2375 1440 2405 A
1459 2387 1466 2406 :
1489 2375 1617 2414 spe-*ia-

285 2428 351 2456 que
369 2417 400 2448 Β
544 2418 608 2456 842
634 2420 723 2450 dorni
740 2420 773 2450 A
898 2420 977 2457 842¹*
1001 2425 1079 2458 agat
1099 2445 1105 2450 .
1124 2444 1130 2449 .
1150 2444 1156 2450 .
1173 2420 1347 2450 aduortam
1371 2430 1437 2450 om.
1458 2419 1490 2449 P
1508 2419 1556 2458 (ii.
1578 2420 1615 2457 55

287 2466 365 2501 agat
382 2462 469 2502 gerit
486 2473 540 2494 an.
558 2462 624 2494 cod.
644 2474 649 2492 :
675 2474 755 2494 corr.
771 2462 896 2493 Ritschl
982 2464 1046 2502 843
1071 2463 1119 2494 vel
1129 2462 1268 2505 diem-ei
1285 2462 1394 2504 codd.)
1455 2462 1572 2494 faciam
1587 2461 1620 2493 P
