1747 2740
630 110 1044 151 TRVCVLENTVS

172 220 284 273 quasi
305 236 376 274 pro
396 236 586 274 puerpera
607 221 670 260 hic
692 223 907 273 procuras?
966 223 1040 259 PH.
1073 221 1266 272 quippini,

83 302 151 338 415
173 287 240 326 ubi
261 287 345 326 sine
366 288 500 327 labore
520 301 580 326 res
600 287 680 337 geri
701 288 864 337 pulchre
885 289 1048 337 potest?

170 353 222 392 ad
243 367 356 392 suom
377 366 578 403 quemque
599 366 769 403 aequom
792 360 851 391 cst
871 366 957 391 esse
979 359 1186 402 quaestum
1209 351 1409 391 callidum.

173 419 239 456 D1.
271 418 368 469 quid
389 432 452 457 me
473 419 685 456 futurumst
706 419 869 469 quando
891 417 1003 456 miles
1024 417 1205 456 uenerit?

170 483 380 522 relictusne
401 497 470 534 aps
492 491 529 522 te
551 483 684 522 uiuam
702 485 718 522 Ρ
777 486 851 521 PH.
885 483 953 522 ubi
975 482 1071 522 illud
1094 484 1202 533 quod
1225 484 1318 522 uolo

171 549 329 588 habebo
349 549 400 587 ab
421 549 498 596 illo,
522 549 636 588 facile
657 548 819 588 inuenio
840 563 920 599 quo
943 549 1065 587 modo

83 629 153 662 420
171 613 386 653 diuortium
407 621 446 653 et
466 613 707 653 discordiam
729 614 830 653 inter
850 627 923 653 nos
944 627 1078 664 parem
1098 629 1105 652 z

170 679 303 730 postid
324 693 397 730 ego
418 687 560 726 tecum,
586 694 674 719 mea
693 682 887 731 uoluptas,
911 693 1036 730 usque
1057 693 1124 718 ero

170 745 350 784 adsiduo.
412 747 478 784 D1.
511 746 636 785 immo
657 748 788 785 hercle
809 760 903 786 uero
923 747 1106 785 accubuo
1128 745 1325 785 mauelim.

171 813 246 850 ΡΗ.
279 812 340 851 dis
361 812 481 851 hodie
502 814 734 852 sacruficare
754 827 825 864 pro
846 827 970 864 puero
990 814 1095 861 uolo,

170 877 311 928 quinto
332 877 396 917 die
417 879 526 928 quod
548 878 631 916 fieri
652 886 817 928 oportet.
879 880 944 917 D1.
975 892 1130 917 censeo.

82 951 147 989 425
171 944 247 981 PH.
279 956 360 981 non
381 944 504 982 audes
524 943 675 994 aliquid
696 945 789 983 dare
810 943 907 982 mihi
928 944 1241 982 munusculum?

171 1010 238 1048 DI.
270 1010 422 1047 lucrum
444 1011 575 1048 hercle
597 1009 735 1048 uideor
755 1010 883 1048 facere
905 1009 1011 1057 mihi,
1032 1011 1214 1060 uoluptas
1236 1022 1335 1056 mea,

170 1073 239 1112 ubi
260 1073 464 1124 quippiam
486 1087 549 1112 me
571 1073 712 1124 poscis.
774 1076 849 1112 PH.
881 1081 920 1112 at
941 1087 1026 1124 ego,
1049 1073 1117 1112 ubi
1137 1073 1291 1124 apstuli.

173 1142 239 1179 D1,
271 1140 349 1179 iam
370 1141 459 1179 faxo
480 1140 544 1179 hic
565 1139 701 1179 aderit.
761 1141 959 1179 seruolum
982 1141 1059 1178 huc
1082 1139 1233 1177 mittam
1256 1153 1401 1178 meum.

171 1207 248 1245 PH.
279 1205 334 1245 sic
356 1205 484 1244 facito.
548 1207 614 1243 D1.
648 1205 845 1256 quidquid
866 1205 1048 1253 attulerit,
1073 1204 1167 1244 boni
1189 1204 1382 1244 consulas.

81 1283 152 1318 430
172 1273 246 1309 ΡΗ.
279 1278 431 1310 ecastor
451 1284 596 1309 munus
618 1278 656 1309 te
677 1278 902 1309 curaturum
924 1270 1017 1318 scio,

170 1343 212 1375 ut
228 1335 371 1386 quoius
392 1350 456 1375 me
477 1350 558 1375 non
579 1331 777 1386 paeniteat
799 1335 975 1374 mittatur
995 1334 1102 1374 mihi.

1454 111 1507 150 II.
1529 112 1576 151 iv

1531 690 1574 727 70

1533 1016 1572 1051 75

1532 1338 1574 1369 80

172 1403 238 1440 D1.
271 1415 366 1439 num
388 1400 591 1452 quippiam
613 1400 721 1439 aliud
743 1415 806 1439 me
827 1400 919 1438 uis?
977 1402 1054 1439 PH.
1085 1408 1126 1439 ut
1148 1401 1310 1451 quando
1332 1399 1457 1439 otium

171 1466 242 1505 tibi
263 1467 311 1506 sit
331 1468 382 1506 ad
404 1481 468 1506 me
489 1466 645 1514 reuisas,
671 1474 712 1505 tu
735 1468 1003 1506 ualeas.—D1.
1037 1468 1135 1505 uale.

172 1611 242 1648 pro
263 1597 303 1637 di
324 1597 551 1636 inmortales
569 1600 575 1636 l
606 1611 686 1636 nou
708 1597 877 1636 amantis
898 1597 1082 1645 mulieris,

84 1676 150 1712 435
172 1665 242 1703 sed
263 1663 383 1702 sociai
405 1663 683 1710 unanimantis,
707 1663 864 1702 fidentis
886 1663 957 1701 fuit

172 1728 344 1768 officium
367 1730 493 1767 facere
514 1730 623 1778 quod
646 1730 768 1767 modo
789 1730 887 1768 haec
908 1728 1000 1767 fecit
1021 1727 1128 1775 mihi,

216 1844 279 1873 414
306 1843 475 1874 puerpera
492 1833 565 1864 Ital.
583 1845 589 1863 :
616 1843 721 1874 puel-a
740 1833 806 1865 cod.
883 1839 1059 1874 procurast
1078 1832 1142 1864 cod.
1236 1843 1299 1872 415
1324 1832 1430 1873 pulcri
1440 1832 1509 1865 cod.

172 1879 238 1916 416
261 1887 332 1908 sum
345 1877 411 1908 cod.
483 1882 659 1916 quaestum
673 1889 750 1910 esse
765 1877 830 1909 cod.
851 1889 858 1909 :
883 1879 954 1909 lrm'.
970 1877 1146 1909 Acidalius
1161 1889 1167 1907 :
1192 1877 1382 1916 quaesitum
1396 1887 1425 1908 e.
1442 1877 1514 1917 Fay

173 1932 237 1961 419
261 1921 431 1952 inueniam
449 1920 523 1951 PCD
657 1933 718 1961 421
746 1927 856 1953 tecum
875 1922 1000 1952 Bothe:
1028 1921 1168 1963 [totum]
1184 1926 1293 1952 tecum
1311 1921 1377 1952 cod.
1398 1921 1454 1961 ‘xiV-
1475 1922 1512 1961 3)

173 1966 332 1996 uoluntas
349 1965 415 1996 cod.
551 1975 615 2005 423
641 1966 692 1997 dis
709 1965 852 2007 Spengel
867 1977 874 1997 ε
901 1965 1014 2007 [quin]
1034 1966 1086 1996 his
1101 1965 1167 1995 cod.
1189 1965 1246 2004 (iv.
1265 1975 1296 2004 p.
1314 1966 1372 2005 62)

1465 1975 1511 1995 88⁴

173 2009 404 2049 cunturquasi
427 2019 530 2039 novus
554 2020 666 2040 versus
690 2010 822 2041 Adsido
848 2010 949 2040 immo
975 2009 1090 2040 hercle
1117 2018 1198 2039 uero
1224 2009 1268 2048 (v.
1295 2010 1374 2048 422]
1399 2009 1458 2048 (iv.
1477 2009 1511 2047 3)

173 2063 236 2092 424
255 2053 326 2083 fieri
344 2058 477 2093 oportet
494 2052 567 2084 Ital.
585 2064 591 2083 :
617 2054 688 2084 sseri
706 2058 800 2094 optet
817 2053 882 2085 cod.
999 2063 1063 2092 425
1088 2052 1212 2092 aliquid
1233 2052 1296 2093 (Β)
1314 2053 1365 2083 vel
1377 2052 1512 2092 aliquod

172 2096 279 2136 (PCD)
298 2096 364 2127 cod.
457 2097 538 2127 mihi
556 2097 637 2128 dare
654 2097 721 2129 cod.
744 2110 750 2128 :
776 2098 846 2128 irai.
875 2096 1099 2130 Camerarius,
1127 2107 1209 2127 nam
1236 2096 1317 2127 dare
1342 2107 1381 2126 ne
1404 2097 1437 2126 in
1455 2096 1515 2126 hoc

172 2140 304 2180 quidem
321 2151 433 2171 versus
449 2140 515 2171 loco
526 2141 628 2181 placet
646 2141 692 2180 (bii.
711 2142 745 2180 4)
838 2141 1085 2171 munusciuilim
1105 2140 1172 2172 cod.
1187 2144 1260 2180 (pro
1278 2140 1510 2170 munusculum

172 2195 249 2214 corr.
269 2185 304 2214 -li
318 2184 344 2224 3)
502 2186 566 2223 426
590 2185 733 2215 facerem
760 2185 840 2215 mihi
868 2185 1026 2215 uoluntas
1051 2184 1218 2225 me[hi†ea
1246 2184 1394 2221 (meheia
1419 2183 1508 2221 PCD)

171 2228 237 2259 cod.
258 2228 317 2266 (iv,
338 2228 374 2266 3)
509 2238 570 2267 427
596 2239 714 2268 posces
732 2229 797 2260 cod.
818 2230 848 2259 ἰζ
863 2240 885 2260 e.
907 2229 949 2259 -is
965 2231 990 2260 2»
1092 2224 1227 2259 abstulit
1244 2227 1309 2259 cod.

171 2273 216 2302 sit
233 2270 265 2301 B
354 2271 504 2302 attulerit
522 2272 623 2303 Brt'x:
649 2274 693 2303 ait
711 2273 810 2303 uierit
828 2272 890 2303 (od.
970 2273 1048 2302 boui
1066 2272 1140 2303 Ital.
1159 2284 1165 2303 z
1191 2273 1276 2302 bona
1288 2271 1354 2302 cod.

1445 2238 1510 2266 429

1445 2281 1505 2310 431

172 2316 325 2346 mittatur
340 2315 514 2345 Buecheler
529 2327 535 2346 :
560 2316 652 2346 mitta
671 2322 752 2356 (pro
770 2317 874 2349 mitta.
894 2317 913 2348 ι’.
931 2327 951 2347 r.
973 2317 1162 2355 mittaturl)
1180 2316 1246 2346 cod.
1267 2316 1375 2355 gmitte
1394 2314 1484 2354 PCD)
1501 2327 1507 2345 ε

172 2359 284 2390 mittas
302 2359 518 2389 Camerarius
605 2369 669 2399 432
696 2370 747 2390 me
764 2361 814 2391 uis
831 2360 932 2390 alium
951 2360 1015 2391 cod.
1036 2372 1042 2391 2
1075 2370 1152 2391 corr.
1175 2359 1310 2399 Geppert

1442 2368 1506 2398 433

172 2407 206 2433 tu
236 2405 473 2435 Camerarius:
517 2407 528 2433 t
552 2403 618 2434 cod.
648 2410 724 2444 (ειη.
754 2406 813 2445 u):
853 2408 887 2435 et
915 2404 1074 2445 Gespcrl:
1110 2404 1118 2434 i
1146 2402 1290 2444 Scjffert,
1316 2403 1400 2442 sort.
1431 2406 1507 2434 recte

171 2447 237 2487 436
253 2447 322 2478 ficit
339 2446 405 2478 cod.
428 2447 520 2488 (facit
536 2447 627 2488 PCD)
