1747 2740
188 714 232 747 90

187 1039 228 1071 95

165 1366 226 1389 100

164 1690 223 1723 105

163 2018 223 2041 110

253 202 371 235 PROL.
664 194 711 232 T.
745 192 927 232 MACCI
959 190 1164 230 PLAVTI

361 304 675 355 Carthaginiensi
697 305 800 342 duae
821 304 927 342 fuere
949 302 1062 351 filiae,

359 372 479 409 altera
499 368 778 420 quinquennis,
801 369 922 407 altera
942 368 1215 419 quadrimula:

358 450 449 474 cum
471 435 621 474 nutrice
642 448 721 472 una
742 433 891 484 periere
910 447 933 471 a
955 433 1193 484 Magaribus.

357 516 422 541 eas
443 502 511 552 qui
531 499 729 550 surrupuit
750 499 788 537 in
811 499 1070 537 Anactorium
1093 498 1266 546 deuehit,

358 567 495 606 uendit
517 580 582 605 eas
603 565 744 612 omnis,
767 573 806 603 et
827 564 1020 604 nutricem
1041 572 1079 603 et
1100 564 1280 614 uirgines,

359 631 555 682 praesenti
575 629 960 680 argento-homini,
984 629 1014 668 si
1036 631 1128 668 leno
1149 637 1206 668 est
1227 630 1363 676 homo,

360 705 552 747 quantum
574 695 782 735 hominum
804 703 904 734 terra
924 694 1091 734 sustinet
1112 707 1346 733 sacerrumo.

358 769 513 801 uosmet
534 775 640 800 nunc
661 760 776 799 facite
798 759 1065 799 coniecturam
1087 767 1260 798 ceterum

357 827 454 878 quid
476 827 515 866 id
537 826 585 865 sit
606 825 778 865 hominis
799 824 892 875 quoi
916 827 1025 875 Lyco
1046 839 1194 863 nomen
1215 824 1298 863 siet.

356 892 387 931 is
409 907 455 931 ex
477 891 702 938 Anactorio,
726 891 793 929 ubi
816 891 922 941 prius
943 890 1201 937 habitauerat,

356 959 433 996 huc
455 957 493 995 in
512 958 758 1006 Calydonem
781 955 1055 1006 commigrauit
1077 957 1153 994 hau
1176 955 1256 1002 diu,

355 1023 414 1061 sui
435 1022 587 1073 quaesti
608 1035 755 1060 caussa.
816 1021 848 1060 is
869 1020 907 1059 in
930 1021 1003 1059 illis
1025 1021 1175 1059 habitat
1195 1021 1372 1060 aedibus.

355 1102 488 1127 carum
511 1087 574 1125 hic
595 1088 830 1126 adulescens
851 1088 1013 1125 alteram
1035 1086 1219 1125 ecflictim
1240 1086 1350 1136 perit,

355 1167 467 1192 suam
489 1152 561 1191 sibi
584 1160 804 1202 cognatam,
828 1151 1056 1202 inprudens,
1080 1164 1211 1201 neque
1231 1151 1303 1190 scit
1324 1164 1426 1202 quae
1446 1149 1520 1190 siet

356 1233 484 1269 neque
505 1232 591 1257 eam
614 1231 803 1268 umquam
825 1217 962 1267 tetigit,
985 1217 1038 1255 ita
1058 1230 1149 1255 eum
1170 1218 1262 1256 leno
1283 1223 1465 1264 macerat,

355 1298 484 1334 neque
505 1283 718 1334 quicquam
739 1285 830 1321 crim
852 1296 898 1321 ea
917 1282 1008 1321 fecit
1030 1282 1246 1321 etiamnum
1268 1281 1390 1333 stupri

354 1363 484 1399 neque
505 1348 614 1387 duxit
636 1361 838 1398 umquam,
857 1361 987 1398 neque
1008 1347 1072 1386 ille
1093 1347 1218 1386 uoluit
1239 1347 1418 1386 mittere:

353 1413 446 1464 quia
465 1427 595 1452 amare
616 1412 749 1459 cernit,
774 1420 932 1462 tangere
953 1412 1157 1452 hominem
1178 1413 1262 1452 uolt
1282 1413 1387 1452 bolo.

353 1479 459 1517 illam
482 1478 674 1517 minorem
697 1478 736 1515 in
757 1477 1067 1516 concubinatum
1089 1477 1163 1516 sibi

352 1547 435 1583 uolt
456 1558 585 1583 emere
607 1543 718 1582 miles
740 1543 902 1593 quidam
923 1543 991 1593 qui
1012 1543 1118 1582 illam
1139 1542 1301 1595 deperit.

352 1612 422 1650 sed
442 1618 551 1661 pater
571 1610 723 1648 illarum
747 1611 915 1657 Ροθηυε,
938 1623 1133 1660 posquam
1154 1624 1219 1649 eas
1240 1609 1422 1661 perdidit,

353 1676 447 1714 mari
470 1674 683 1728 te<rraque>
709 1676 712 1725 Ι
739 1688 1025 1725 usquequaque
1047 1675 1249 1725 quaeritat.

352 1742 419 1781 ubi
441 1755 641 1792 quamque
662 1740 700 1778 in
723 1741 858 1778 urbem
887 1740 890 1787 1
919 1748 975 1778 cst
997 1740 1202 1790 ingressus,
1226 1741 1317 1780 ilico

352 1807 480 1846 omnis
503 1806 735 1852 meretrices,
760 1805 826 1843 ubi
849 1805 1017 1856 quisque
1038 1805 1229 1853 habitant,
1253 1806 1429 1857 inuenit3

350 1874 417 1912 dat
438 1886 590 1919 aurum,
611 1871 720 1910 ducit
741 1878 911 1917 noctem,
935 1870 1075 1920 rogitat
1096 1871 1241 1921 postibi

351 1938 444 1977 und’
478 1937 539 1983 sit,
560 1936 740 1987 quoiatis,
764 1943 930 1986 captane
950 1949 1001 1974 an
1022 1944 1201 1986 surrupta
1223 1936 1281 1984 sit,

350 2017 431 2054 quo
451 2016 592 2053 genere
613 2010 742 2052 gnata,
763 2001 829 2051 qui
852 2009 1031 2051 parentes
1053 2001 1206 2040 fuerint.

247 2104 287 2142 85
313 2103 417 2134 altera
435 2102 552 2146 (erat)
568 2115 632 2143 qua
650 2104 778 2135 Ritschl
869 2106 912 2135 86
937 2116 1037 2145 quom
1054 2105 1123 2138 cod.
1142 2106 1441 2147 (antiquaformm
1532 2110 1576 2150 89

242 2152 413 2189 praesenti
432 2150 520 2180 codd.
538 2149 716 2188 Nom‘1'397
734 2161 739 2178 :
770 2159 932 2188 praesens
951 2150 1013 2181 cod.
1033 2162 1040 2180 τ
1069 2151 1239 2190 praesenti
1257 2150 1346 2194 (ibi)
1363 2151 1507 2190 Mucllcr,
1525 2154 1580 2184 cui

240 2200 383 2231 argento
404 2195 407 2234 Ι
431 2194 557 2224 homini
574 2193 716 2233 displicet
816 2203 857 2232 94
879 2194 1110 2232 commigrauit
1130 2195 1162 2224 in
1178 2195 1357 2234 Calydone
1373 2196 1439 2227 cod.
1458 2209 1465 2227 ε
1488 2208 1569 2228 corr.

240 2237 378 2276 vaades
510 2248 554 2276 99
571 2247 669 2277 quom
692 2235 758 2266 cod.
779 2237 930 2276 (antiqua
938 2238 1073 2277 formai
1143 2248 1222 2268 num
1238 2238 1368 2270 Merula
1386 2251 1393 2270 :
1417 2250 1485 2271 nun
1503 2239 1572 2272 md.

238 2290 290 2319 99.
316 2292 376 2311 100
399 2280 543 2311 damma!
561 2280 694 2311 Gnictus
815 2289 868 2310 101
898 2281 968 2311 uolt
986 2282 1063 2311 bolo
1082 2281 1294 2313 Camerarius
1309 2294 1315 2314 :
1342 2283 1489 2315 uolibolo
1505 2283 1572 2315 cod.

241 2324 269 2357 (Ι
288 2329 346 2363 pro
364 2325 405 2355 Ti
497 2335 554 2363 ¹03
580 2324 712 2363 deperit
728 2323 800 2354 Ital.
819 2335 824 2353 :
856 2326 989 2363 peperit
1007 2325 1073 2355 cod.
1096 2325 1141 2359 (P
1154 2331 1215 2365 pro
1234 2326 1277 2356 Di
1359 2337 1416 2365 ¹04
1442 2328 1572 2359 illarum

239 2367 311 2398 Ital.
327 2381 332 2398 :
359 2369 402 2398 illi
423 2369 464 2398 im
480 2368 684 2399 intercedente
699 2368 804 2407 spatio
817 2367 883 2398 cod.
965 2378 1127 2408 posquam
1142 2368 1268 2400 Ritschl
1283 2381 1290 2400 z
1314 2380 1375 2410 pes
1388 2381 1487 2410 quam
1501 2371 1568 2403 cod.

239 2422 297 2442 ens
316 2413 387 2442 Ital.
406 2425 411 2442 :
439 2423 531 2442 mens
548 2412 614 2443 rod.
750 2421 808 2449 105
834 2412 953 2441 marite
970 2412 1035 2442 cod.
1055 2424 1061 2442 :
1088 2413 1168 2444 mari
1188 2419 1345 2453 terraque
1361 2425 1420 2445 eas
1439 2414 1575 2456 Grppcr!

240 2457 314 2495 (qm'
339 2457 370 2486 ιἰι
398 2467 424 2486 τ’.
450 2467 505 2494 ¹0²
534 2466 592 2486 cas
620 2455 712 2485 deleo
798 2455 875 2492 fort.
894 2455 966 2497 (is)
984 2467 1032 2486 us.
1172 2459 1231 2488 106
1254 2456 1328 2500 (is)
1353 2464 1405 2489 est
1431 2458 1573 2498 Rylades

241 2514 301 2543 109
325 2503 468 2543 quolatis
486 2507 684 2541 captaneant
702 2501 768 2532 cod.
787 2513 793 2532 :
819 2513 897 2532 corr.
919 2502 992 2532 Ital.

1601 1030 1644 1066 95

1601 1362 1668 1389 100

1600 1688 1664 1724 105

1599 2013 1665 2038 110
