1747 2740
603 141 950 180 TRINVMMVS
1382 140 1450 177 IV.
1472 139 1520 176 ni

117 267 188 293 eae
208 252 372 293 miserae
391 253 509 292 etiam
529 255 581 292 ad
602 253 790 303 parietem
811 260 903 291 sunt
923 253 1023 290 fixae
1043 251 1165 291 clauis
1186 251 1328 298 ferreis,

7 332 98 366 1040
116 318 184 357 ubi
206 320 331 357 malos
352 332 480 357 mores
499 318 618 368 adfigi
640 318 763 355 nimio
784 319 908 355 fuerat
927 317 1103 367 aequius.

115 384 193 423 CH.
239 384 348 422 lubet
381 384 490 422 adire
527 391 647 433 atque
685 384 883 433 appellare
922 384 1054 431 hune;
1094 396 1233 422 uerum
1267 384 1448 421 ausculto

1237 448 1447 498 perlubens

111 520 151 552 et
171 521 319 562 metuo,
340 514 371 552 si
393 515 654 564 compellabo,
678 528 728 552 ne
747 514 864 552 aliam
886 527 967 552 rem
990 513 1159 564 occipiat
1180 513 1299 564 loqui.
1467 525 1506 558 35

112 580 176 618 ST.
209 593 338 630 neque
366 579 448 618 istis
477 580 691 629 quicquam
722 581 807 630 lege
832 588 1074 618 sanctumst:
1110 581 1214 629 leges
1245 579 1343 617 mori
1374 592 1449 617 ser-

1321 643 1446 692 uiunt,

112 722 241 748 mores
261 717 394 748 autem
415 724 549 760 rapere
570 717 781 760 properant
802 723 880 760 qua
901 723 1055 748 sacrum
1077 723 1155 759 qua
1175 709 1391 760 publicum.

2 785 88 822 1045
113 776 190 815 CH.
219 777 350 815 hercle
367 776 449 814 istis
468 778 611 814 malam
634 791 715 815 rem
733 790 917 827 magnam
936 776 1111 814 moribus
1129 776 1330 826 dignumst
1350 774 1444 813 dari.

109 842 173 880 ST.
214 855 349 881 nonne
383 843 461 881 hoc
491 842 651 893 publice
680 842 858 880 animum
893 841 1079 880 aduorti?
1122 855 1213 879 nam
1249 841 1290 879 id
1323 854 1447 891 genus

1029 907 1237 946 hominum
1259 907 1446 946 omnibus

107 972 304 1012 uniuorsis
324 981 383 1013 est
402 974 617 1013 aduersum
637 982 757 1024 atque
778 973 888 1013 omni
909 975 1058 1024 populo
1080 975 1182 1011 male
1203 972 1318 1011 facit:
1464 985 1508 1017 40

108 1042 210 1079 male
230 1041 352 1079 fidem
373 1042 569 1079 seruando
590 1041 664 1079 illis
686 1054 846 1091 quoque
867 1041 1059 1091 abrogant
1081 1039 1198 1079 etiam
1220 1040 1340 1078 fidem

106 1105 174 1156 qui
205 1105 259 1144 nil
289 1105 416 1145 meriti
430 1121 441 1154 3
475 1105 622 1157 quippe
652 1120 790 1145 eorum
817 1120 864 1145 ex
888 1105 1048 1157 ingenio
1076 1104 1278 1155 ingenium
1303 1105 1445 1143 horum

1263 1171 1442 1221 probant.

0 1249 88 1286 1050
106 1239 183 1277 hoc
213 1237 280 1288 qui
309 1237 349 1276 in
377 1245 551 1277 mentem
578 1237 730 1277 uenerit
757 1238 840 1277 mi?
869 1253 908 1277 re
936 1238 1019 1289 ipsa
1046 1238 1167 1276 modo
1188 1236 1446 1276 commonitu'

684 1346 687 1352 ,
1342 1316 1441 1342 sum.

105 1368 137 1407 si
159 1368 253 1419 quoi
274 1377 455 1408 mutuom
477 1369 573 1419 quid
594 1369 762 1417 dederis,
786 1371 829 1408 fit
850 1383 921 1420 pro
942 1368 1100 1420 proprio
1121 1367 1343 1419 perditum:

105 1447 229 1484 quom
250 1442 413 1485 repetas,
438 1434 643 1473 inimicum
664 1434 837 1473 amicum
860 1435 1056 1474 beneficio
1078 1434 1257 1473 inuenias
1278 1442 1357 1473 tuo.
1460 1443 1502 1477 45

103 1498 136 1537 si
156 1513 270 1550 mage
291 1499 442 1550 exigere
463 1500 659 1550 occupias,
684 1501 852 1539 duarum
874 1514 1003 1538 rerum
1025 1499 1196 1539 exoritur
1215 1499 1326 1550 optio
1343 1514 1350 1537 :

103 1566 167 1604 uel
188 1565 285 1604 illud
306 1566 415 1615 quod
436 1565 649 1604 credideris
671 1567 823 1616 perdas,
840 1567 904 1604 uel
926 1565 1037 1603 illurn
1058 1565 1230 1604 amicum
1251 1564 1437 1603 amiseris.

0 1642 82 1679 [055
105 1630 183 1670 CH.
219 1644 336 1683 ¹meus
366 1638 424 1669 est
453 1630 684 1681 hicquidem
715 1630 907 1670 Stasimus
938 1644 1083 1669 seruos.
1145 1632 1208 1670 ST.
1245 1644 1337 1668 nam
1368 1643 1440 1680 ego

1043 1698 1236 1735 talentum
1259 1703 1440 1734 mutuom

101 1760 196 1811 quoi
217 1762 416 1809 dederam,
440 1763 588 1801 talento
610 1762 815 1801 inimicum
838 1762 891 1801 mi
913 1762 1002 1810 emi,
1025 1761 1197 1800 amicum
1219 1760 1395 1800 uendidi.

101 1828 171 1865 sed
192 1841 264 1877 ego
286 1841 372 1865 sum
393 1828 640 1879 insipientior
660 1829 727 1880 qui
749 1830 865 1868 rebus
886 1843 1019 1868 curem
1042 1827 1210 1879 puplicis
1458 1839 1501 1871 50

101 1893 232 1944 potius
247 1908 376 1944 quam,
393 1895 432 1934 id
450 1897 558 1946 quod
575 1905 859 1946 proxumumst‚
878 1910 968 1935 meo
986 1895 1094 1946 tergo
1112 1896 1275 1934 tutelam
1291 1909 1434 1946 geram.

101 1973 149 1998 eo
176 1961 352 1999 domum.
414 1962 490 2001 CH.
524 1963 621 2000 heus
650 1970 701 2009 tu,
725 1970 809 2001 asta
836 1962 952 2001 ilico!
984 1961 1088 2000 audi.
1150 1963 1212 2000 ST.
1246 1962 1343 2000 heiis
1372 1963 1437 1999 tu!

923 2042 1003 2067 non
1027 2035 1098 2066 sto.
1160 2028 1238 2066 CH.
1271 2034 1309 2065 te
1330 2028 1433 2065 uolo.

147 2139 229 2169 1039
254 2141 292 2161 ea
311 2131 470 2161 miserere
488 2131 553 2162 cod.
574 2143 580 2162 ε
605 2142 681 2164 corr.
698 2132 826 2163 Merula
894 2133 944 2163 vel
954 2133 1075 2163 misere
1173 2142 1254 2170 1042
1267 2135 1300 2161 et
1315 2130 1434 2161 Acida-

98 2172 163 2203 lius
179 2186 186 2204 ε
210 2175 269 2204 sed
288 2174 354 2205 cod.
370 2180 446 2214 (pro
456 2176 524 2216 set)
618 2186 700 2215 1043
718 2177 791 2206 istis
808 2177 882 2207 Ital.
901 2188 907 2206 :
934 2177 987 2207 isti
1005 2176 1070 2207 cod.
1171 2185 1251 2213 1045
1275 2174 1435 2204 accedas!

102 2219 184 2256 1046
209 2219 297 2249 hom.
315 2218 508 2248 hominibus
526 2218 654 2250 Merula
761 2230 843 2259 1049
867 2231 908 2250 ex
935 2230 1049 2250 eorum
1067 2220 1099 2250 P
1213 2229 1296 2257 1050
1321 2222 1435 2248 mente

98 2261 159 2300 (sic
176 2266 239 2301 pro
265 2267 391 2299 mente,
421 2263 439 2292 ι’.
453 2273 475 2293 e.
512 2268 657 2293 mentem
674 2264 697 2302 ἲ)
716 2264 746 2293 Β
835 2265 935 2294 modo
964 2274 999 2293 re
1018 2265 1088 2303 ipsa
1107 2268 1293 2294 commotus
1310 2273 1381 2292 sum
1399 2262 1432 2292 A

102 2313 177 2343 1051
196 2305 291 2344 quoi]
309 2306 388 2344 quid
402 2305 434 2335 P
491 2307 622 2336 dederit
636 2306 669 2336 P
726 2308 761 2338 fit
780 2308 900 2347 propio
915 2318 967 2347 pe.
984 2307 1043 2345 21¹,
1062 2318 1141 2338 corr.
1154 2308 1203 2337 A2
1266 2306 1434 2345 proditum

96 2346 235 2378 Mueller
249 2349 382 2389 (thet'n.
401 2348 489 2380 Mus.
505 2360 557 2389 54,
577 2352 656 2389 540)
751 2361 833 2389 1052
851 2361 927 2389 qum
942 2351 974 2379 A
1035 2352 1191 2382 inuenias
1209 2361 1251 2380 ex
1268 2350 1435 2380 beneficio

97 2396 155 2421 tuo
173 2392 205 2421 A
281 2402 364 2431 1053
381 2403 554 2431 exgenere
567 2394 724 2433 cupiasP
814 2404 894 2432 1054
913 2394 1188 2425 miseristcom·¹
1206 2394 1268 2425 Dm
1352 2403 1434 2432 1055

98 2433 211 2465 Meust
227 2436 257 2465 h,
277 2436 309 2465 A
426 2437 508 2475 1056
532 2437 627 2478 quoi]
646 2438 736 2476 quod
753 2437 786 2467 P
898 2448 980 2477 1059
1004 2438 1070 2469 (ΣΗ.
1099 2443 1131 2467 te
1150 2437 1226 2467 uolo
1244 2448 1310 2467 om.
1333 2436 1365 2466 P
