1747 2740
650 142 1065 182 TRVCVLENTVS
1488 146 1525 183 V

100 268 166 304 925
187 256 335 294 STRAT.
382 268 544 294 meosne
580 262 673 293 ante
711 256 848 293 oculos
888 268 961 305 ego
1004 255 1109 293 illam
1150 256 1272 306 patiar
1310 258 1408 297 alios
1445 272 1524 297 am-

1304 323 1491 373 plexarier
1507 325 1524 362 ?

188 392 385 424 mortuom
425 386 554 425 hercle
593 399 656 424 me
696 385 816 424 hodie
853 385 1002 425 satiust.
1061 387 1215 438 apstine
1250 389 1337 436 hoc,
1372 389 1521 437 mulier,

1346 468 1518 502 manum,

186 515 260 554 nisi
281 515 311 554 si
333 523 371 554 te
391 530 478 555 mea
499 529 618 554 manu
640 515 679 554 ui
700 517 739 554 1'n
761 517 969 556 machaera
989 525 1026 556 et
1048 519 1154 557 hunc
1176 520 1234 557 uis
1256 519 1364 558 mori.
1539 535 1581 568 35

187 583 262 619 PH.
294 581 429 621 †nihili
450 580 599 632 phiari†
622 581 774 629 satiust,
795 582 918 629 miles,
942 582 973 620 si
995 591 1032 622 te
1053 584 1173 622 amari
1195 586 1370 634 postulas
1385 600 1396 633 3

185 661 291 694 auro,
308 649 385 686 hau
399 649 498 686 ferro
514 649 709 687 deterrere
722 656 835 698 potes
848 647 991 701 (hunc)
1003 649 1052 688 ne
1067 664 1210 697 amem,
1227 652 1520 702 Stratophanes.

98 725 168 761 930
186 715 334 752 STRAT.
366 712 444 763 qui,
463 714 623 760 malum,
642 713 745 752 bella
764 722 832 752 aut
852 716 978 753 faceta
999 728 1051 762 es,
1067 715 1168 766 quae
1188 729 1296 755 ames
1318 717 1523 756 hominem

1300 781 1362 820 isti
1384 783 1523 822 modi?

186 846 260 883 PH.
293 843 454 884 uenitne
483 845 522 884 in
553 853 727 884 mentem
762 845 833 885 tibi
863 847 972 897 quod
1007 847 1172 886 uerbum
1204 846 1243 885 in
1274 861 1396 887 cauea
1425 848 1522 888 dixit

1357 913 1494 953 histrio
1513 929 1520 953 :

185 989 323 1015 omnes
344 975 525 1015 homines
545 977 596 1015 ad
616 990 729 1016 suom
752 979 961 1027 quaestum
982 980 1124 1017 callent
1145 986 1183 1017 et
1203 978 1418 1018 fastidiunt.
1539 996 1583 1028 40

186 1042 333 1080 STRAT.
366 1041 538 1080 huncine
570 1041 774 1080 hominem
809 1051 846 1081 te
880 1044 1093 1094 amplexari
1125 1053 1205 1082 tarn
1240 1045 1443 1084 horridum
1475 1059 1522 1084 ac

1156 1117 1237 1148 tam
1264 1110 1523 1160 squalidum?

186 1173 260 1210 PH.
293 1185 535 1222 quamquam
570 1172 635 1211 hic
670 1174 883 1223 †qualest†,
917 1173 1195 1227 quam<quam)
1228 1174 1292 1213 hic
1327 1177 1519 1224 horridus,

1107 1239 1238 1287 scitus,
1262 1241 1389 1279 bellus
1411 1241 1518 1280 mihi.

98 1318 163 1354 935
186 1304 333 1341 STRAT.
366 1302 488 1342 dedin
509 1317 582 1353 ego
603 1306 875 1348 aurum—PH.
908 1304 1036 1343 mihi?
1064 1305 1209 1344 dedisti
1231 1305 1312 1345 filio
1333 1306 1488 1346 cibaria.

184 1381 301 1415 nunc,
326 1368 356 1406 si
382 1368 386 1419 Ι
412 1370 515 1407 hanc
537 1377 669 1407 tecum
691 1383 776 1408 esse
797 1383 940 1420 speras,
963 1370 1039 1409 alia
1060 1379 1176 1421 opust
1197 1371 1278 1409 auri
1301 1371 1417 1411 mina.

183 1434 330 1472 STRAB.
363 1435 506 1472 malam
533 1448 615 1473 rem
646 1434 678 1473 is
708 1442 746 1473 et
776 1448 958 1485 magnam
988 1449 1132 1486 magno
1157 1449 1285 1487 opere,
1309 1451 1422 1476 serua
1449 1438 1520 1477 tibi
1540 1453 1579 1485 45

1315 1503 1516 1543 uiaticum.

182 1567 330 1606 STRAT.
353 1565 450 1616 quid
470 1565 531 1604 isti
547 1566 702 1605 debes?
760 1568 836 1604 PH.
868 1566 950 1605 tria.
1010 1569 1157 1606 STRAT.
1181 1581 1283 1618 quae
1304 1568 1375 1607 tria
1396 1571 1519 1609 nam?

812 1634 887 1670 PH.
920 1640 1131 1682 unguenta,
1155 1641 1328 1682 noctem,
1349 1634 1513 1674 sanium.

225 1749 290 1779 925
316 1739 370 1770 Me
387 1749 491 1770 eosne
507 1738 573 1770 cod.
708 1740 774 1778 926
798 1748 851 1769 me
868 1738 971 1769 hodie
988 1738 1109 1769 satiust
1133 1738 1240 1769 Brix:
1274 1739 1385 1769 medio
1409 1740 1516 1772 satius

183 1783 249 1814 cod.
264 1796 270 1814 :
295 1794 347 1815 me
364 1784 397 1814 di
413 1793 439 1816 s.
457 1783 593 1814 Ribbeck
667 1793 767 1814 manu
783 1782 850 1814 cod.
979 1792 1042 1821 927
1069 1782 1132 1813 nisi
1150 1782 1177 1813 si
1196 1787 1229 1812 te
1247 1792 1321 1813 mea
1339 1784 1517 1815 machaera

184 1827 237 1858 uis
261 1833 295 1859 et
322 1828 412 1859 hunc
439 1838 505 1858 una
532 1827 616 1859 mori
645 1826 773 1858 Schoell
902 1826 968 1865 928
992 1826 1213 1865 nihilpphiari
1235 1826 1285 1858 B:
1320 1826 1367 1856 nil
1391 1827 1518 1867 alapari

183 1870 371 1903 Buecheler:
410 1871 606 1912 Philippiari
637 1873 692 1911 (sc.
723 1881 807 1902 auro
836 1870 1015 1910 Philippeo
1044 1870 1107 1901 uti}
1136 1870 1280 1910 Spengel
1453 1882 1520 1912 929

182 1915 272 1946 haud
290 1915 378 1946 ferro
392 1914 521 1945 Merula
538 1927 544 1946 ε
567 1915 685 1946 aufero
696 1915 763 1946 cod.
879 1919 992 1954 potest
1010 1924 1053 1944 ne
1065 1918 1154 1944 amet
1171 1914 1237 1945 cod.
1256 1926 1261 1944 :
1287 1925 1364 1945 corr.
1385 1914 1523 1955 Sqiffirt

181 1969 248 1998 930
272 1959 380 1990 faceta
398 1969 434 1990 es
450 1958 535 1989 Pius
551 1970 558 1990 :
582 1959 652 1991 eaci
672 1959 724 1999 (-ti
743 1958 828 1989 ΡΕΒΧ
850 1964 904 1989 eta
923 1963 974 1989 est
991 1957 1056 1989 cod.
1077 1958 1121 1997 (F,
1134 1964 1196 1999 pro
1213 1958 1254 1997 F)
1344 1958 1517 1990 hominem

181 2001 278 2034 Ital.:
302 2003 428 2034 homini
445 2002 511 2034 cod.
533 2003 571 2043 (i.
593 2004 644 2037 10)
778 2013 840 2042 931
868 2003 937 2033 dixi
962 2001 1027 2033 cod.
1174 2011 1239 2041 932
1263 2002 1313 2042 et]
1333 2012 1394 2032 nec
1412 2001 1517 2035 Bothe

181 2044 281 2088 (qui)
309 2047 351 2078 ad
377 2057 404 2078 S.
432 2057 464 2086 q.
495 2058 522 2078 e.
554 2047 636 2078 nihil
670 2047 690 2078 s.
720 2047 845 2087 Ussing
1004 2056 1069 2086 933
1094 2046 1278 2085 amplexari
1306 2045 1514 2079 Saracenas:

181 2091 394 2130 amplexares
419 2090 482 2122 cod.
504 2093 605 2130 (Cepro
626 2092 704 2123 -reil
819 2091 991 2121 horridum
1012 2090 1118 2131 (horri
1136 2090 1182 2129 Β)
1200 2094 1274 2120 acta
1295 2093 1408 2130 (atque
1425 2089 1513 2131 PCD)

180 2134 270 2165 cod.:
295 2145 372 2166 corr.
390 2134 532 2175 Spengel
660 2145 724 2174 934
751 2135 883 2174 qualest
910 2138 1004 2167 (corr.
1027 2136 1069 2164 -is
1089 2136 1158 2169 est)
1183 2133 1248 2164 cod.
1275 2134 1437 2173 (qualiest
1461 2134 1514 2166 B:

181 2178 290 2216 qualis
316 2184 368 2209 est
393 2177 506 2218 PCD):
537 2178 668 2217 squalet
697 2178 856 2219 Spengel:
889 2179 1042 2217 squalust
1067 2177 1225 2218 Seyffert:
1259 2179 1316 2208 vix
1339 2178 1514 2217 squalenst

181 2232 294 2261 —quam
315 2222 389 2253 add.
415 2221 544 2252 Merula
634 2223 750 2253 horret
775 2222 915 2263 Spengel
1002 2223 1087 2253 citus
1112 2222 1236 2253 bellum
1262 2222 1293 2251 hi
1316 2221 1404 2252 cod.:
1433 2232 1510 2253 corr.

181 2265 314 2306 Lipsius
332 2265 483 2297 bellust&
573 2265 624 2296 vel
636 2267 755 2297 scitust
897 2276 961 2305 935
988 2267 1100 2296 Dedin
1122 2266 1333 2296 Camerarius
1351 2278 1356 2295 :
1386 2265 1471 2296 Dedi
1492 2276 1511 2295 u

182 2309 276 2348 (dedi
292 2308 379 2348 PCD)
398 2308 465 2340 cod.
529 2310 654 2341 mihin?
672 2309 810 2340 Mueller
867 2310 1027 2341 dedixisti
1042 2310 1107 2340 cod.
1122 2321 1213 2341 Ι(οι-ν.
1232 2309 1297 2349 D1)
1352 2309 1509 2340 cibariam

177 2352 246 2384 cod.
378 2354 444 2392 936
467 2357 576 2384 tecum
594 2354 680 2384 hanc
695 2353 835 2394 Spengel
947 2364 1011 2393 937
1036 2353 1123 2395 (In)
1147 2354 1264 2384 malain
1285 2363 1354 2383 rem
1374 2354 1401 2383 is
1421 2364 1509 2393 mag-

179 2406 255 2426 nam
272 2396 445 2427 Acidalius
460 2400 490 2426 et
506 2396 640 2427 Gut'etus
743 2408 895 2437 magnam
914 2396 1044 2428 Merula
1059 2409 1065 2429 ε
1093 2408 1214 2437 magna
1230 2396 1295 2428 cod.
1399 2398 1448 2428 vel
1469 2398 1514 2428 sic

177 2440 340 2481 distingue
362 2450 527 2480 magnam,
555 2451 678 2480 magno
690 2451 796 2481 opere
813 2451 912 2473 serua
1016 2447 1131 2472 seruat
1147 2441 1190 2471 ibi
1208 2441 1329 2472 aticum
1350 2441 1512 2482 (seruatib

179 2484 317 2515 atticum
336 2484 411 2514 PCD
427 2488 463 2514 ut
478 2483 558 2524 vid.)
575 2484 641 2516 cod.
656 2485 715 2525 [iii.
730 2486 765 2525 3)
782 2496 789 2515 :
813 2495 889 2515 corr.
910 2484 1039 2515 Mvrula
1154 2487 1219 2524 938
1243 2485 1347 2516 debes
1368 2484 1510 2517 Goeller:

178 2528 264 2559 debe
281 2529 321 2559 isi
342 2528 456 2570 (debet
474 2528 538 2559 nisi
558 2527 647 2569 PCD)
665 2528 730 2560 cod.
824 2533 922 2560 nocte
944 2534 1076 2569 &noctes
1092 2528 1179 2571 Pch
1200 2528 1267 2560 cod.
