1747 2740
175 136 228 176 ΙΙ.

195 519 234 541 10

195 976 231 1008 Ι5

193 1372 232 1394 20

187 1860 232 1898 iii

254 135 283 174 ii
683 135 729 173 T.
763 134 945 175 MACCI
978 132 1183 172 PLAVTI

257 248 315 284 P1.
349 255 389 285 ut
411 246 645 297 piscatorem
666 252 887 295 aequomst,
911 245 1013 282 fame
1035 243 1178 294 sitique
1198 257 1349 295 speque
1368 245 1475 283 falsa„

255 310 332 347 ΤΚ.
379 322 545 359 ecquem
573 309 577 357 l
603 308 902 346 adulescentem
937 307 1027 353 huc,
1056 308 1152 346 dum
1180 306 1184 356 l
1211 305 1276 345 hic
1308 305 1458 354 astatis,
1483 319 1596 358 expe-

1499 370 1593 418 dite,

254 438 407 477 uidistis
428 438 482 477 ire
503 445 660 477 strenua
681 436 790 483 facie,
813 436 1091 484 rubicundum,
1115 437 1267 484 fortem,

254 503 321 554 qui
344 503 409 541 tris
431 502 716 541 semihomines
737 503 900 541 duceret
921 503 1194 552 chlamydatos
1216 515 1308 541 cum
1329 500 1577 541 machaeris?
1615 511 1680 547 315

255 571 313 607 ΡΙ.
347 570 498 607 nullum
519 568 615 607 istac
637 568 736 608 facie
752 576 794 606 ut
815 567 1020 619 praedicas
1041 568 1198 607 uenisse
1215 569 1293 606 huc
1313 567 1470 606 scimus.
1515 568 1592 605 TR.

1426 645 1594 683 ecquem

254 700 452 738 recaluom
472 700 524 738 ad
545 699 722 739 Silanum
743 712 894 746 senem,
915 706 1118 746 statutum,
1141 697 1399 745 uentriosum,

254 764 362 803 tortis
384 764 612 815 superciliis,
636 772 838 804 contracta
858 765 996 811 fronte,
1020 765 1330 812 fraudulentum,

253 831 418 869 deorum
440 830 575 869 odium
597 839 716 881 atque
744 829 965 877 hominum,
988 831 1148 877 malurn,
1172 829 1265 868 mali
1291 828 1361 868 uiti
1382 827 1595 879 probrique

1416 895 1591 945 plenum,

255 960 321 1010 qui
340 961 501 1000 duceret
524 960 771 999 mulierculas
792 962 891 1000 duas
912 963 1048 1000 secum
1070 960 1154 999 sati'
1174 961 1392 999 uenustas?
1613 972 1682 1008 320

256 1028 313 1063 ΡΙ.
346 1040 436 1064 cum
459 1026 683 1065 istiusmodi
704 1026 916 1065 uirtutibus
937 1025 1147 1077 operisque
1167 1034 1283 1064 natus
1303 1024 1371 1075 qui
1392 1024 1452 1071 sit,

253 1104 344 1130 eurn
366 1092 528 1142 quidem
556 1092 607 1130 ad
633 1092 873 1130 carnuficem
898 1099 957 1130 est
983 1091 1149 1142 aequius
1176 1104 1296 1141 quam
1322 1091 1374 1129 ad
1394 1091 1592 1128 Venerem

1355 1169 1590 1195 commeare.

254 1226 330 1263 TR.
362 1233 402 1263 at
423 1224 452 1263 si
475 1224 640 1273 uidistis,
663 1224 793 1264 dicite.
855 1226 913 1262 P1.
946 1225 1025 1263 huc
1045 1224 1223 1275 profecto
1243 1223 1374 1261 nullus
1394 1220 1514 1260 uenit.

254 1292 489 1329 uale.—TR.
522 1292 661 1329 ualete.
722 1289 896 1329 credidi:
927 1291 1074 1328 sactum
1096 1297 1155 1328 est
1176 1288 1286 1339 quod
1307 1286 1544 1337 suspicabar,

254 1356 346 1394 data
366 1356 487 1394 uerba
507 1349 573 1395 ero
595 1363 697 1403 sunt,
720 1357 811 1394 leno
831 1355 913 1394 abit
934 1356 1122 1394 scelestus
1144 1354 1376 1399 exsulatum,
1611 1366 1677 1402 325

253 1420 292 1459 in
314 1435 458 1460 nauem
479 1421 668 1468 ascendit,
692 1420 875 1459 mulieres
895 1420 1049 1459 auexit:
1080 1419 1252 1458 hariolus
1272 1432 1370 1457 sum.

253 1486 284 1525 is
305 1487 383 1525 huc
405 1500 513 1525 erum
535 1487 652 1526 etiam
675 1487 725 1525 ad
746 1485 957 1537 prandium
978 1485 1148 1532 uocauit,
1173 1483 1329 1524 sceleris
1350 1497 1497 1523 semen.

251 1565 357 1591 nunc
387 1551 483 1603 quid
515 1551 567 1590 mi
598 1551 755 1591 meliust
785 1565 904 1602 quarn
935 1550 1026 1590 ilico
1055 1550 1120 1589 hic
1149 1549 1330 1601 opperiar
1356 1562 1465 1588 erum
1493 1549 1589 1588 dum

1427 1613 1590 1653 ueniat?

250 1684 404 1731 eadem,
428 1684 611 1722 sacerdos
633 1682 804 1721 Veneria
824 1684 923 1721 haec
944 1681 973 1720 si
997 1681 1093 1732 quid
1114 1680 1283 1732 amplius
1304 1679 1387 1727 scit,

191 1765 227 1786 2·
251 1749 281 1788 si
303 1749 452 1796 uidero,
475 1748 723 1799 exquisiuero
741 1765 747 1788 z
778 1748 894 1787 faciet
914 1761 978 1787 me
999 1747 1216 1786 certiorem.
1608 1758 1677 1794 330

528 1862 858 1898 AMPELISCA
969 1859 1310 1897 TRACHALIO

251 1944 332 1981 An.
377 1943 592 1992 Intellego:
633 1943 735 1979 hanc
765 1954 866 1991 quae
896 1947 1124 1991 proxumast
1152 1938 1230 1991 (tu)
1258 1938 1391 1977 uillam
1422 1937 1588 1978 Veneris

1494 2005 1587 2043 sano

292 2122 356 2151 313
381 2112 436 2143 vix
460 2111 575 2151 ecquis
737 2119 799 2150 314
826 2109 958 2140 uidistis
975 2109 1046 2139 eire
1071 2107 1230 2149 Seyffert:
1264 2108 1378 2139 uidisti
1412 2108 1484 2138 seni
1511 2107 1587 2147 (stis

250 2157 443 2186 uenientem
473 2154 516 2196 T)
540 2157 612 2196 post
632 2153 819 2185 machaeris
839 2152 904 2183 cod.
925 2164 931 2182 τ
957 2153 1067 2183 traieci
1084 2153 1129 2189 [ii.
1152 2154 1185 2193 5*
1382 2161 1446 2191 315
1469 2161 1585 2182 secum

249 2200 402 2230 homines
416 2198 626 2229 Mitscherlich
641 2198 719 2234 (sei-
730 2202 792 2237 pro
802 2197 888 2235 see-3
950 2197 1132 2227 macheriis
1144 2195 1212 2227 cod.
1302 2205 1363 2236 317
1389 2205 1427 2226 ac
1440 2200 1490 2235 tat
1500 2193 1585 2233 cod.)

249 2244 394 2274 silanum
414 2241 478 2272 [κο
496 2247 570 2283 post
592 2241 664 2273 Ital.
682 2253 687 2271 :
719 2247 754 2271 ut
778 2240 812 2272 S.
831 2239 954 2270 Praa'el
975 2239 1012 2269 cle·
1027 2245 1175 2280 praepos.
1197 2250 1228 2279 p.
1246 2240 1310 2278 482
1452 2239 1516 2277 318
1539 2237 1590 2269 vel

250 2293 424 2318 contracto
443 2287 478 2325 (i.
497 2286 533 2325 9)
668 2295 732 2324 319
758 2285 842 2315 male
867 2283 988 2314 malurn
1005 2282 1132 2313 Schoell
1261 2292 1322 2322 321
1349 2283 1413 2313 siet
1430 2281 1496 2314 cod.
1517 2283 1588 2320 (vix

251 2330 366 2370 disyll„
385 2329 547 2369 undefiat
561 2330 746 2360 octonarius
882 2337 943 2365 324
969 2337 1036 2366 quo
1051 2326 1116 2358 cod.
1238 2336 1302 2366 329
1325 2325 1410 2357 hanc
1427 2325 1587 2356 sacerdos

252 2374 399 2405 Veneria
419 2373 485 2404 cod.
507 2386 513 2404 :
537 2384 614 2404 corr.
642 2372 706 2402 Leo
839 2380 897 2409 331
927 2370 1010 2413 (tu)
1035 2371 1145 2401 uillam
1173 2369 1300 2401 Sclaoell
1320 2370 1381 2402 «iii.
1406 2371 1463 2408 gl:
1490 2368 1588 2411 (me)

253 2419 365 2449 uillam
376 2423 450 2458 post
464 2417 695 2448 Camerart'nm
713 2415 844 2454 Bentley
