<?xml version="1.0" encoding="UTF-8"?>
<!DOCTYPE html PUBLIC "-//W3C//DTD XHTML 1.0 Transitional//EN"
    "http://www.w3.org/TR/xhtml1/DTD/xhtml1-transitional.dtd">
<html xmlns="http://www.w3.org/1999/xhtml" xml:lang="en" lang="en">
 <head>
  <title>
</title>
<meta http-equiv="Content-Type" content="text/html;charset=utf-8" />
  <meta name='ocr-system' content='tesseract 3.04.00' />
  <meta name='ocr-capabilities' content='ocr_page ocr_carea ocr_par ocr_line ocrx_word'/>
</head>
<body>
  <div class='ocr_page' id='page_1' title='image "./comoediaerecogno02plau_0516.png"; bbox 0 0 1747 2740; ppageno 0'>
   <div class='ocr_carea' id='block_1_1' title="bbox 111 365 173 405">
    <p class='ocr_par' dir='ltr' id='par_1_1' title="bbox 111 365 173 405">
     <span class='ocr_line' id='line_1_1' title="bbox 111 365 173 405; baseline -0.032 0"><span class='ocrx_word' id='word_1_1' title='bbox 111 365 173 405; x_wconf 88' lang='lat' dir='ltr'>I.i</span> 
     </span>
    </p>
   </div>
   <div class='ocr_carea' id='block_1_2' title="bbox 142 1062 183 1085">
    <p class='ocr_par' dir='ltr' id='par_1_2' title="bbox 142 1062 183 1085">
     <span class='ocr_line' id='line_1_2' title="bbox 142 1062 183 1085; baseline 0 0"><span class='ocrx_word' id='word_1_2' title='bbox 142 1062 183 1085; x_wconf 87' lang='lat'>10</span> 
     </span>
    </p>
   </div>
   <div class='ocr_carea' id='block_1_3' title="bbox 146 1386 182 1417">
    <p class='ocr_par' dir='ltr' id='par_1_3' title="bbox 146 1386 182 1417">
     <span class='ocr_line' id='line_1_3' title="bbox 146 1386 182 1417; baseline 0 0"><span class='ocrx_word' id='word_1_3' title='bbox 146 1386 182 1417; x_wconf 86' lang='lat'>15</span> 
     </span>
    </p>
   </div>
   <div class='ocr_carea' id='block_1_4' title="bbox 146 1715 187 1737">
    <p class='ocr_par' dir='ltr' id='par_1_4' title="bbox 146 1715 187 1737">
     <span class='ocr_line' id='line_1_4' title="bbox 146 1715 187 1737; baseline -0.024 0"><span class='ocrx_word' id='word_1_4' title='bbox 146 1715 187 1737; x_wconf 87' lang='lat'>20</span> 
     </span>
    </p>
   </div>
   <div class='ocr_carea' id='block_1_5' title="bbox 708 225 1019 276">
    <p class='ocr_par' dir='ltr' id='par_1_5' title="bbox 708 225 1019 276">
     <span class='ocr_line' id='line_1_5' title="bbox 708 225 1019 276; baseline -0.013 0"><span class='ocrx_word' id='word_1_5' title='bbox 708 226 947 276; x_wconf 84' lang='lat' dir='ltr'>ACTVS</span> <span class='ocrx_word' id='word_1_6' title='bbox 1000 225 1019 272; x_wconf 95' lang='lat' dir='ltr'>I</span> 
     </span>
    </p>
   </div>
   <div class='ocr_carea' id='block_1_6' title="bbox 682 365 1052 402">
    <p class='ocr_par' dir='ltr' id='par_1_6' title="bbox 682 365 1052 402">
     <span class='ocr_line' id='line_1_6' title="bbox 682 365 1052 402; baseline -0.008 -1"><span class='ocrx_word' id='word_1_7' title='bbox 682 365 1052 402; x_wconf 74' lang='lat' dir='ltr'>DINIARCHVS</span> 
     </span>
    </p>
   </div>
   <div class='ocr_carea' id='block_1_7' title="bbox 358 449 1539 1751">
    <p class='ocr_par' dir='ltr' id='par_1_7' title="bbox 360 449 1295 500">
     <span class='ocr_line' id='line_1_7' title="bbox 360 449 1295 500; baseline -0.006 -8"><span class='ocrx_word' id='word_1_8' title='bbox 360 454 455 492; x_wconf 94' lang='lat' dir='ltr'>Non</span> <span class='ocrx_word' id='word_1_9' title='bbox 476 451 605 491; x_wconf 85' lang='lat' dir='ltr'>omnis</span> <span class='ocrx_word' id='word_1_10' title='bbox 626 458 733 490; x_wconf 89' lang='lat' dir='ltr'>aetas</span> <span class='ocrx_word' id='word_1_11' title='bbox 754 451 805 489; x_wconf 89' lang='lat' dir='ltr'>ad</span> <span class='ocrx_word' id='word_1_12' title='bbox 827 449 1136 500; x_wconf 90' lang='lat' dir='ltr'>perdiscendum</span> <span class='ocrx_word' id='word_1_13' title='bbox 1157 454 1216 487; x_wconf 90' lang='lat' dir='ltr'>sat</span> <span class='ocrx_word' id='word_1_14' title='bbox 1237 454 1295 487; x_wconf 88' lang='lat' dir='ltr'>est</span> 
     </span>
    </p>

    <p class='ocr_par' dir='ltr' id='par_1_8' title="bbox 358 512 1498 832">
     <span class='ocr_line' id='line_1_8' title="bbox 358 512 1380 567; baseline -0.006 -10"><span class='ocrx_word' id='word_1_15' title='bbox 358 518 518 566; x_wconf 86' lang='lat' dir='ltr'>amanti,</span> <span class='ocrx_word' id='word_1_16' title='bbox 541 519 638 557; x_wconf 91' lang='lat' dir='ltr'>dum</span> <span class='ocrx_word' id='word_1_17' title='bbox 660 516 699 555; x_wconf 91' lang='lat' dir='ltr'>id</span> <span class='ocrx_word' id='word_1_18' title='bbox 720 515 928 567; x_wconf 81' lang='lat' dir='ltr'>perdiscat,</span> <span class='ocrx_word' id='word_1_19' title='bbox 952 522 1050 565; x_wconf 90' lang='lat' dir='ltr'>quot</span> <span class='ocrx_word' id='word_1_20' title='bbox 1071 521 1204 566; x_wconf 90' lang='lat' dir='ltr'>pereat</span> <span class='ocrx_word' id='word_1_21' title='bbox 1226 512 1355 552; x_wconf 88' lang='lat' dir='ltr'>modis</span> <span class='ocrx_word' id='word_1_22' title='bbox 1371 527 1380 560; x_wconf 81' lang='lat'><em>3</em></span> 
     </span>
     <span class='ocr_line' id='line_1_9' title="bbox 359 580 1498 635; baseline -0.007 -11"><span class='ocrx_word' id='word_1_23' title='bbox 359 598 490 635; x_wconf 89' lang='lat' dir='ltr'>neque</span> <span class='ocrx_word' id='word_1_24' title='bbox 511 597 598 622; x_wconf 87' lang='lat' dir='ltr'>eam</span> <span class='ocrx_word' id='word_1_25' title='bbox 619 582 812 621; x_wconf 86' lang='lat' dir='ltr'>rationem</span> <span class='ocrx_word' id='word_1_26' title='bbox 834 594 952 631; x_wconf 87' lang='lat' dir='ltr'>eapse</span> <span class='ocrx_word' id='word_1_27' title='bbox 972 593 1164 631; x_wconf 90' lang='lat' dir='ltr'>umquam</span> <span class='ocrx_word' id='word_1_28' title='bbox 1186 581 1329 618; x_wconf 83' lang='lat' dir='ltr'>educet</span> <span class='ocrx_word' id='word_1_29' title='bbox 1349 580 1498 625; x_wconf 90' lang='lat' dir='ltr'>Venus,</span> 
     </span>
     <span class='ocr_line' id='line_1_10' title="bbox 361 644 1431 700; baseline -0.005 -12"><span class='ocrx_word' id='word_1_30' title='bbox 361 663 482 700; x_wconf 88' lang='lat' dir='ltr'>quam</span> <span class='ocrx_word' id='word_1_31' title='bbox 503 662 626 699; x_wconf 90' lang='lat' dir='ltr'>penes</span> <span class='ocrx_word' id='word_1_32' title='bbox 647 655 853 686; x_wconf 79' lang='lat' dir='ltr'>amantum</span> <span class='ocrx_word' id='word_1_33' title='bbox 875 661 1032 686; x_wconf 91' lang='lat' dir='ltr'>summa</span> <span class='ocrx_word' id='word_1_34' title='bbox 1052 659 1296 685; x_wconf 86' lang='lat' dir='ltr'>summarum</span> <span class='ocrx_word' id='word_1_35' title='bbox 1319 644 1431 692; x_wconf 84' lang='lat' dir='ltr'>redit,</span> 
     </span>
     <span class='ocr_line' id='line_1_11' title="bbox 362 710 1358 766; baseline -0.004 -13"><span class='ocrx_word' id='word_1_36' title='bbox 362 723 460 766; x_wconf 89' lang='lat' dir='ltr'>quot</span> <span class='ocrx_word' id='word_1_37' title='bbox 480 727 618 753; x_wconf 88' lang='lat' dir='ltr'>amans</span> <span class='ocrx_word' id='word_1_38' title='bbox 639 713 830 764; x_wconf 85' lang='lat' dir='ltr'>exemplis</span> <span class='ocrx_word' id='word_1_39' title='bbox 851 712 1087 760; x_wconf 85' lang='lat' dir='ltr'>ludificetur,</span> <span class='ocrx_word' id='word_1_40' title='bbox 1110 719 1207 762; x_wconf 91' lang='lat' dir='ltr'>quot</span> <span class='ocrx_word' id='word_1_41' title='bbox 1229 710 1358 750; x_wconf 91' lang='lat' dir='ltr'>modis</span> 
     </span>
     <span class='ocr_line' id='line_1_12' title="bbox 362 777 1162 832; baseline -0.005 -13"><span class='ocrx_word' id='word_1_42' title='bbox 362 788 495 832; x_wconf 82' lang='lat' dir='ltr'>pereat</span> <span class='ocrx_word' id='word_1_43' title='bbox 516 787 694 830; x_wconf 81' lang='lat' dir='ltr'>quotque</span> <span class='ocrx_word' id='word_1_44' title='bbox 716 786 896 818; x_wconf 83' lang='lat' dir='ltr'>exoretur</span> <span class='ocrx_word' id='word_1_45' title='bbox 917 777 1162 817; x_wconf 82' lang='lat' dir='ltr'>exorabulis:</span> 
     </span>
    </p>

    <p class='ocr_par' dir='ltr' id='par_1_9' title="bbox 362 842 1275 898">
     <span class='ocr_line' id='line_1_13' title="bbox 362 842 1275 898; baseline -0.004 -13"><span class='ocrx_word' id='word_1_46' title='bbox 362 854 459 898; x_wconf 90' lang='lat' dir='ltr'>quot</span> <span class='ocrx_word' id='word_1_47' title='bbox 480 845 558 884; x_wconf 79' lang='lat' dir='ltr'>illic</span> <span class='ocrx_word' id='word_1_48' title='bbox 575 844 804 892; x_wconf 77' lang='lat' dir='ltr'>blanditiae,</span> <span class='ocrx_word' id='word_1_49' title='bbox 829 851 927 895; x_wconf 88' lang='lat' dir='ltr'>quot</span> <span class='ocrx_word' id='word_1_50' title='bbox 948 843 1026 882; x_wconf 91' lang='lat' dir='ltr'>illic</span> <span class='ocrx_word' id='word_1_51' title='bbox 1047 842 1275 882; x_wconf 82' lang='lat' dir='ltr'>iracundiae</span> 
     </span>
    </p>

    <p class='ocr_par' dir='ltr' id='par_1_10' title="bbox 361 905 1539 1095">
     <span class='ocr_line' id='line_1_14' title="bbox 361 905 1539 963; baseline -0.007 -11"><span class='ocrx_word' id='word_1_52' title='bbox 361 920 464 960; x_wconf 88' lang='lat' dir='ltr'>sunt,</span> <span class='ocrx_word' id='word_1_53' title='bbox 487 919 585 963; x_wconf 88' lang='lat' dir='ltr'>quot</span> <span class='ocrx_word' id='word_1_54' title='bbox 607 910 697 953; x_wconf 91' lang='lat' dir='ltr'>†sui</span> <span class='ocrx_word' id='word_1_55' title='bbox 717 910 1042 961; x_wconf 84' lang='lat' dir='ltr'>perclamanda†,</span> <span class='ocrx_word' id='word_1_56' title='bbox 1055 909 1095 948; x_wconf 92' lang='lat' dir='ltr'>di</span> <span class='ocrx_word' id='word_1_57' title='bbox 1112 916 1286 947; x_wconf 89' lang='lat' dir='ltr'>uostram</span> <span class='ocrx_word' id='word_1_58' title='bbox 1304 909 1436 955; x_wconf 88' lang='lat' dir='ltr'>fidem,</span> <span class='ocrx_word' id='word_1_59' title='bbox 1452 905 1539 945; x_wconf 89' lang='lat' dir='ltr'>hui!</span> 
     </span>
     <span class='ocr_line' id='line_1_15' title="bbox 361 976 1366 1029; baseline -0.003 -13"><span class='ocrx_word' id='word_1_60' title='bbox 361 978 459 1029; x_wconf 88' lang='lat' dir='ltr'>quid</span> <span class='ocrx_word' id='word_1_61' title='bbox 479 977 752 1028; x_wconf 87' lang='lat' dir='ltr'>peiierandum</span> <span class='ocrx_word' id='word_1_62' title='bbox 774 983 833 1015; x_wconf 87' lang='lat' dir='ltr'>est</span> <span class='ocrx_word' id='word_1_63' title='bbox 853 976 983 1023; x_wconf 89' lang='lat' dir='ltr'>etiam,</span> <span class='ocrx_word' id='word_1_64' title='bbox 1007 982 1160 1026; x_wconf 88' lang='lat' dir='ltr'>praeter</span> <span class='ocrx_word' id='word_1_65' title='bbox 1180 987 1366 1013; x_wconf 90' lang='lat' dir='ltr'>munera:</span> 
     </span>
     <span class='ocr_line' id='line_1_16' title="bbox 365 1040 1361 1095; baseline -0.005 -13"><span class='ocrx_word' id='word_1_66' title='bbox 365 1043 637 1095; x_wconf 87' lang='lat' dir='ltr'>primumdum</span> <span class='ocrx_word' id='word_1_67' title='bbox 659 1055 808 1081; x_wconf 84' lang='lat' dir='ltr'>merces</span> <span class='ocrx_word' id='word_1_68' title='bbox 829 1055 972 1088; x_wconf 87' lang='lat' dir='ltr'>annua,</span> <span class='ocrx_word' id='word_1_69' title='bbox 996 1041 1027 1079; x_wconf 90' lang='lat' dir='ltr'>is</span> <span class='ocrx_word' id='word_1_70' title='bbox 1048 1040 1197 1092; x_wconf 89' lang='lat' dir='ltr'>primus</span> <span class='ocrx_word' id='word_1_71' title='bbox 1218 1040 1361 1086; x_wconf 72' lang='lat' dir='ltr'>homst,</span> 
     </span>
    </p>

    <p class='ocr_par' dir='ltr' id='par_1_11' title="bbox 365 1105 1284 1155">
     <span class='ocr_line' id='line_1_17' title="bbox 365 1105 1284 1155; baseline -0.004 -7"><span class='ocrx_word' id='word_1_72' title='bbox 365 1110 419 1148; x_wconf 91' lang='lat' dir='ltr'>ob</span> <span class='ocrx_word' id='word_1_73' title='bbox 440 1117 662 1149; x_wconf 89' lang='lat' dir='ltr'>eam—tres</span> <span class='ocrx_word' id='word_1_74' title='bbox 683 1116 821 1147; x_wconf 90' lang='lat' dir='ltr'>noctes</span> <span class='ocrx_word' id='word_1_75' title='bbox 842 1109 986 1147; x_wconf 83' lang='lat' dir='ltr'>dantur</span> <span class='ocrx_word' id='word_1_76' title='bbox 1001 1122 1011 1155; x_wconf 76' lang='lat'><em>3</em></span> <span class='ocrx_word' id='word_1_77' title='bbox 1040 1107 1188 1145; x_wconf 89' lang='lat' dir='ltr'>interea</span> <span class='ocrx_word' id='word_1_78' title='bbox 1208 1105 1284 1144; x_wconf 88' lang='lat' dir='ltr'>loci</span> 
     </span>
    </p>

    <p class='ocr_par' dir='ltr' id='par_1_12' title="bbox 364 1171 1412 1291">
     <span class='ocr_line' id='line_1_18' title="bbox 364 1171 1412 1225; baseline -0.006 -11"><span class='ocrx_word' id='word_1_79' title='bbox 364 1183 432 1214; x_wconf 85' lang='lat' dir='ltr'>aut</span> <span class='ocrx_word' id='word_1_80' title='bbox 452 1189 542 1214; x_wconf 86' lang='lat' dir='ltr'>aera</span> <span class='ocrx_word' id='word_1_81' title='bbox 562 1183 629 1214; x_wconf 88' lang='lat' dir='ltr'>aut</span> <span class='ocrx_word' id='word_1_82' title='bbox 650 1174 788 1213; x_wconf 91' lang='lat' dir='ltr'>uinum</span> <span class='ocrx_word' id='word_1_83' title='bbox 817 1174 820 1225; x_wconf 80' lang='lat' dir='ltr'>l</span> <span class='ocrx_word' id='word_1_84' title='bbox 848 1181 914 1212; x_wconf 83' lang='lat' dir='ltr'>aut</span> <span class='ocrx_word' id='word_1_85' title='bbox 936 1174 1069 1212; x_wconf 88' lang='lat' dir='ltr'>oleum</span> <span class='ocrx_word' id='word_1_86' title='bbox 1096 1172 1099 1223; x_wconf 90' lang='grc' dir='ltr'>Ι</span> <span class='ocrx_word' id='word_1_87' title='bbox 1126 1179 1193 1210; x_wconf 88' lang='lat' dir='ltr'>aut</span> <span class='ocrx_word' id='word_1_88' title='bbox 1213 1171 1412 1218; x_wconf 79' lang='lat' dir='ltr'>triticum3</span> 
     </span>
     <span class='ocr_line' id='line_1_19' title="bbox 365 1236 1267 1291; baseline -0.007 -11"><span class='ocrx_word' id='word_1_89' title='bbox 365 1249 531 1291; x_wconf 86' lang='lat' dir='ltr'>temptat</span> <span class='ocrx_word' id='word_1_90' title='bbox 554 1240 803 1290; x_wconf 77' lang='lat' dir='ltr'>benignusne</span> <span class='ocrx_word' id='word_1_91' title='bbox 824 1253 875 1277; x_wconf 87' lang='lat' dir='ltr'>an</span> <span class='ocrx_word' id='word_1_92' title='bbox 896 1240 1027 1277; x_wconf 89' lang='lat' dir='ltr'>bonae</span> <span class='ocrx_word' id='word_1_93' title='bbox 1048 1237 1147 1287; x_wconf 82' lang='lat' dir='ltr'>frugi</span> <span class='ocrx_word' id='word_1_94' title='bbox 1168 1236 1242 1275; x_wconf 88' lang='lat' dir='ltr'>sies</span> <span class='ocrx_word' id='word_1_95' title='bbox 1260 1252 1267 1275; x_wconf 73' lang='grc' dir='ltr'>ε</span> 
     </span>
    </p>

    <p class='ocr_par' dir='ltr' id='par_1_13' title="bbox 366 1304 1280 1358">
     <span class='ocr_line' id='line_1_20' title="bbox 366 1304 1280 1358; baseline -0.005 -13"><span class='ocrx_word' id='word_1_96' title='bbox 366 1306 479 1358; x_wconf 81' lang='lat' dir='ltr'>quasi</span> <span class='ocrx_word' id='word_1_97' title='bbox 499 1306 539 1345; x_wconf 89' lang='lat' dir='ltr'>in</span> <span class='ocrx_word' id='word_1_98' title='bbox 560 1306 753 1357; x_wconf 79' lang='lat' dir='ltr'>piscinam</span> <span class='ocrx_word' id='word_1_99' title='bbox 776 1313 856 1344; x_wconf 89' lang='lat' dir='ltr'>rete</span> <span class='ocrx_word' id='word_1_100' title='bbox 878 1304 945 1355; x_wconf 91' lang='lat' dir='ltr'>qui</span> <span class='ocrx_word' id='word_1_101' title='bbox 966 1304 1138 1342; x_wconf 86' lang='lat' dir='ltr'>iaculum</span> <span class='ocrx_word' id='word_1_102' title='bbox 1160 1309 1280 1353; x_wconf 86' lang='lat' dir='ltr'>parat,</span> 
     </span>
    </p>

    <p class='ocr_par' dir='ltr' id='par_1_14' title="bbox 367 1368 1319 1423">
     <span class='ocr_line' id='line_1_21' title="bbox 367 1368 1319 1423; baseline -0.006 -12"><span class='ocrx_word' id='word_1_103' title='bbox 367 1373 530 1423; x_wconf 83' lang='lat' dir='ltr'>quando</span> <span class='ocrx_word' id='word_1_104' title='bbox 551 1371 647 1410; x_wconf 91' lang='lat' dir='ltr'>abiit</span> <span class='ocrx_word' id='word_1_105' title='bbox 667 1379 748 1410; x_wconf 87' lang='lat' dir='ltr'>rete</span> <span class='ocrx_word' id='word_1_106' title='bbox 770 1384 941 1421; x_wconf 77' lang='lat' dir='ltr'>pessum,</span> <span class='ocrx_word' id='word_1_107' title='bbox 963 1369 1127 1408; x_wconf 84' lang='lat' dir='ltr'>adducit</span> <span class='ocrx_word' id='word_1_108' title='bbox 1148 1368 1319 1415; x_wconf 80' lang='lat' dir='ltr'>lineam3</span> 
     </span>
    </p>

    <p class='ocr_par' dir='ltr' id='par_1_15' title="bbox 369 1435 1229 1487">
     <span class='ocr_line' id='line_1_22' title="bbox 369 1435 1229 1487; baseline -0.005 -11"><span class='ocrx_word' id='word_1_109' title='bbox 369 1437 399 1476; x_wconf 87' lang='lat' dir='ltr'>si</span> <span class='ocrx_word' id='word_1_110' title='bbox 421 1437 554 1476; x_wconf 88' lang='lat' dir='ltr'>iniecit</span> <span class='ocrx_word' id='word_1_111' title='bbox 575 1444 667 1484; x_wconf 88' lang='lat' dir='ltr'>rete,</span> <span class='ocrx_word' id='word_1_112' title='bbox 690 1436 809 1487; x_wconf 82' lang='lat' dir='ltr'>piscis</span> <span class='ocrx_word' id='word_1_113' title='bbox 831 1450 882 1475; x_wconf 86' lang='lat' dir='ltr'>ne</span> <span class='ocrx_word' id='word_1_114' title='bbox 903 1435 1071 1485; x_wconf 85' lang='lat' dir='ltr'>ecfugiat</span> <span class='ocrx_word' id='word_1_115' title='bbox 1092 1442 1229 1473; x_wconf 88' lang='lat' dir='ltr'>cauet:</span> 
     </span>
    </p>

    <p class='ocr_par' dir='ltr' id='par_1_16' title="bbox 369 1499 1219 1551">
     <span class='ocr_line' id='line_1_23' title="bbox 369 1499 1219 1551; baseline -0.005 -9"><span class='ocrx_word' id='word_1_116' title='bbox 369 1505 466 1542; x_wconf 89' lang='lat' dir='ltr'>dum</span> <span class='ocrx_word' id='word_1_117' title='bbox 489 1504 566 1541; x_wconf 92' lang='lat' dir='ltr'>huc</span> <span class='ocrx_word' id='word_1_118' title='bbox 589 1504 685 1541; x_wconf 89' lang='lat' dir='ltr'>dum</span> <span class='ocrx_word' id='word_1_119' title='bbox 708 1502 800 1540; x_wconf 92' lang='lat' dir='ltr'>illuc</span> <span class='ocrx_word' id='word_1_120' title='bbox 823 1510 904 1540; x_wconf 89' lang='lat' dir='ltr'>rete</span> <span class='ocrx_word' id='word_1_121' title='bbox 929 1502 1030 1546; x_wconf 84' lang='lat' dir='ltr'>†0r†</span> <span class='ocrx_word' id='word_1_122' title='bbox 1052 1499 1219 1551; x_wconf 89' lang='lat' dir='ltr'>impedit</span> 
     </span>
    </p>

    <p class='ocr_par' dir='ltr' id='par_1_17' title="bbox 369 1566 1261 1620">
     <span class='ocr_line' id='line_1_24' title="bbox 369 1566 1261 1620; baseline -0.003 -13"><span class='ocrx_word' id='word_1_123' title='bbox 369 1569 486 1620; x_wconf 89' lang='lat' dir='ltr'>piscis</span> <span class='ocrx_word' id='word_1_124' title='bbox 509 1582 634 1619; x_wconf 87' lang='lat' dir='ltr'>usque</span> <span class='ocrx_word' id='word_1_125' title='bbox 654 1569 756 1607; x_wconf 89' lang='lat' dir='ltr'>adeo</span> <span class='ocrx_word' id='word_1_126' title='bbox 779 1567 970 1606; x_wconf 89' lang='lat' dir='ltr'>donicum</span> <span class='ocrx_word' id='word_1_127' title='bbox 992 1566 1127 1605; x_wconf 86' lang='lat' dir='ltr'>eduxit</span> <span class='ocrx_word' id='word_1_128' title='bbox 1148 1567 1261 1604; x_wconf 87' lang='lat' dir='ltr'>foras.</span> 
     </span>
    </p>

    <p class='ocr_par' dir='ltr' id='par_1_18' title="bbox 369 1631 1260 1683">
     <span class='ocr_line' id='line_1_25' title="bbox 369 1631 1260 1683; baseline -0.004 -10"><span class='ocrx_word' id='word_1_129' title='bbox 369 1635 506 1673; x_wconf 89' lang='lat' dir='ltr'>itidem</span> <span class='ocrx_word' id='word_1_130' title='bbox 523 1642 593 1681; x_wconf 91' lang='lat' dir='ltr'>est,</span> <span class='ocrx_word' id='word_1_131' title='bbox 616 1641 768 1672; x_wconf 87' lang='lat' dir='ltr'>amator</span> <span class='ocrx_word' id='word_1_132' title='bbox 790 1632 845 1671; x_wconf 86' lang='lat' dir='ltr'>sei</span> <span class='ocrx_word' id='word_1_133' title='bbox 867 1633 976 1683; x_wconf 83' lang='lat' dir='ltr'>quod</span> <span class='ocrx_word' id='word_1_134' title='bbox 997 1639 1129 1670; x_wconf 87' lang='lat' dir='ltr'>oratur</span> <span class='ocrx_word' id='word_1_135' title='bbox 1148 1631 1260 1670; x_wconf 89' lang='lat' dir='ltr'>dedit</span> 
     </span>
    </p>

    <p class='ocr_par' dir='ltr' id='par_1_19' title="bbox 369 1697 1364 1751">
     <span class='ocr_line' id='line_1_26' title="bbox 369 1697 1364 1751; baseline -0.006 -11"><span class='ocrx_word' id='word_1_136' title='bbox 369 1709 488 1751; x_wconf 84' lang='lat' dir='ltr'>atque</span> <span class='ocrx_word' id='word_1_137' title='bbox 510 1708 568 1738; x_wconf 90' lang='lat' dir='ltr'>est</span> <span class='ocrx_word' id='word_1_138' title='bbox 589 1698 784 1749; x_wconf 89' lang='lat' dir='ltr'>benignus</span> <span class='ocrx_word' id='word_1_139' title='bbox 808 1698 940 1749; x_wconf 90' lang='lat' dir='ltr'>potius</span> <span class='ocrx_word' id='word_1_140' title='bbox 961 1711 1081 1748; x_wconf 91' lang='lat' dir='ltr'>quam</span> <span class='ocrx_word' id='word_1_141' title='bbox 1103 1697 1201 1747; x_wconf 83' lang='lat' dir='ltr'>frugi</span> <span class='ocrx_word' id='word_1_142' title='bbox 1223 1698 1364 1735; x_wconf 84' lang='lat' dir='ltr'>bonae.</span> 
     </span>
    </p>
   </div>
   <div class='ocr_carea' id='block_1_8' title="bbox 208 1800 1553 2457">
    <p class='ocr_par' dir='ltr' id='par_1_20' title="bbox 208 1800 1553 2457">
     <span class='ocr_line' id='line_1_27' title="bbox 252 1800 1548 1842; baseline -0.003 -6"><span class='ocrx_word' id='word_1_143' title='bbox 252 1816 293 1836; x_wconf 87' lang='lat'>22</span> <span class='ocrx_word' id='word_1_144' title='bbox 318 1809 370 1835; x_wconf 83' lang='lat' dir='ltr'>est</span> <span class='ocrx_word' id='word_1_145' title='bbox 393 1805 476 1835; x_wconf 87' lang='lat' dir='ltr'>satis</span> <span class='ocrx_word' id='word_1_146' title='bbox 499 1803 587 1835; x_wconf 86' lang='lat' dir='ltr'>codd.</span> <span class='ocrx_word' id='word_1_147' title='bbox 605 1803 763 1833; x_wconf 78' lang='lat' dir='ltr'>Varronis</span> <span class='ocrx_word' id='word_1_148' title='bbox 784 1802 823 1833; x_wconf 86' lang='lat' dir='ltr'>de</span> <span class='ocrx_word' id='word_1_149' title='bbox 841 1802 879 1834; x_wconf 87' lang='lat' dir='ltr'>L.</span> <span class='ocrx_word' id='word_1_150' title='bbox 900 1800 939 1833; x_wconf 90' lang='lat' dir='ltr'>L.</span> <span class='ocrx_word' id='word_1_151' title='bbox 960 1803 990 1842; x_wconf 84' lang='lat'>6,</span> <span class='ocrx_word' id='word_1_152' title='bbox 1014 1811 1047 1831; x_wconf 91' lang='lat'>11</span> <span class='ocrx_word' id='word_1_153' title='bbox 1141 1811 1181 1840; x_wconf 82' lang='lat'>23</span> <span class='ocrx_word' id='word_1_154' title='bbox 1206 1801 1330 1832; x_wconf 85' lang='lat' dir='ltr'>amanti</span> <span class='ocrx_word' id='word_1_155' title='bbox 1349 1801 1427 1832; x_wconf 91' lang='lat' dir='ltr'>dum</span> <span class='ocrx_word' id='word_1_156' title='bbox 1445 1800 1498 1831; x_wconf 90' lang='lat' dir='ltr'>hic</span> <span class='ocrx_word' id='word_1_157' title='bbox 1516 1810 1548 1840; x_wconf 89' lang='lat' dir='ltr'>p.</span> 
     </span>
     <span class='ocr_line' id='line_1_28' title="bbox 208 1844 1548 1890; baseline -0.004 -10"><span class='ocrx_word' id='word_1_158' title='bbox 208 1850 299 1890; x_wconf 91' lang='lat' dir='ltr'>quod</span> <span class='ocrx_word' id='word_1_159' title='bbox 319 1859 350 1889; x_wconf 87' lang='lat' dir='ltr'>p.</span> <span class='ocrx_word' id='word_1_160' title='bbox 368 1849 478 1879; x_wconf 89' lang='lat' dir='ltr'>modis</span> <span class='ocrx_word' id='word_1_161' title='bbox 491 1847 583 1879; x_wconf 82' lang='lat' dir='ltr'>codd.</span> <span class='ocrx_word' id='word_1_162' title='bbox 601 1847 767 1878; x_wconf 80' lang='lat' dir='ltr'>Prisciani</span> <span class='ocrx_word' id='word_1_163' title='bbox 782 1857 811 1883; x_wconf 78' lang='lat'>2,</span> <span class='ocrx_word' id='word_1_164' title='bbox 835 1857 893 1886; x_wconf 87' lang='lat'>421</span> <span class='ocrx_word' id='word_1_165' title='bbox 915 1858 921 1876; x_wconf 91' lang='lat'>:</span> <span class='ocrx_word' id='word_1_166' title='bbox 946 1856 1022 1876; x_wconf 82' lang='lat' dir='ltr'>narn</span> <span class='ocrx_word' id='word_1_167' title='bbox 1041 1846 1195 1876; x_wconf 86' lang='lat' dir='ltr'>antidum</span> <span class='ocrx_word' id='word_1_168' title='bbox 1214 1845 1246 1876; x_wconf 91' lang='lat' dir='ltr'>id</span> <span class='ocrx_word' id='word_1_169' title='bbox 1263 1855 1294 1884; x_wconf 89' lang='lat' dir='ltr'>p.</span> <span class='ocrx_word' id='word_1_170' title='bbox 1315 1844 1391 1886; x_wconf 87' lang='lat' dir='ltr'>[ad]</span> <span class='ocrx_word' id='word_1_171' title='bbox 1409 1845 1498 1884; x_wconf 89' lang='lat' dir='ltr'>quod</span> <span class='ocrx_word' id='word_1_172' title='bbox 1516 1854 1548 1884; x_wconf 88' lang='lat' dir='ltr'>p.</span> 
     </span>
     <span class='ocr_line' id='line_1_29' title="bbox 209 1888 1550 1933; baseline -0.004 -9"><span class='ocrx_word' id='word_1_173' title='bbox 209 1898 321 1925; x_wconf 82' lang='lat' dir='ltr'>motus</span> <span class='ocrx_word' id='word_1_174' title='bbox 337 1892 401 1923; x_wconf 90' lang='lat' dir='ltr'>cod.</span> <span class='ocrx_word' id='word_1_175' title='bbox 422 1892 480 1933; x_wconf 79' lang='lat' dir='ltr'>(iv.</span> <span class='ocrx_word' id='word_1_176' title='bbox 502 1892 537 1932; x_wconf 82' lang='lat'>3)</span> <span class='ocrx_word' id='word_1_177' title='bbox 674 1902 715 1930; x_wconf 89' lang='lat'>24</span> <span class='ocrx_word' id='word_1_178' title='bbox 741 1901 815 1922; x_wconf 83' lang='lat' dir='ltr'>eam</span> <span class='ocrx_word' id='word_1_179' title='bbox 842 1891 1010 1921; x_wconf 83' lang='lat' dir='ltr'>rationem</span> <span class='ocrx_word' id='word_1_180' title='bbox 1037 1900 1076 1920; x_wconf 82' lang='lat' dir='ltr'>ea</span> <span class='ocrx_word' id='word_1_181' title='bbox 1101 1890 1174 1929; x_wconf 87' lang='lat' dir='ltr'>ipsa</span> <span class='ocrx_word' id='word_1_182' title='bbox 1198 1889 1284 1920; x_wconf 89' lang='lat' dir='ltr'>codd.</span> <span class='ocrx_word' id='word_1_183' title='bbox 1302 1888 1484 1919; x_wconf 80' lang='lat' dir='ltr'>Prisciani:</span> <span class='ocrx_word' id='word_1_184' title='bbox 1511 1899 1550 1919; x_wconf 87' lang='lat' dir='ltr'>ea</span> 
     </span>
     <span class='ocr_line' id='line_1_30' title="bbox 210 1932 1550 1972; baseline -0.004 -4"><span class='ocrx_word' id='word_1_185' title='bbox 210 1938 340 1968; x_wconf 87' lang='lat' dir='ltr'>ratione</span> <span class='ocrx_word' id='word_1_186' title='bbox 371 1947 426 1967; x_wconf 90' lang='lat' dir='ltr'>me</span> <span class='ocrx_word' id='word_1_187' title='bbox 453 1936 534 1967; x_wconf 84' lang='lat' dir='ltr'>abse</span> <span class='ocrx_word' id='word_1_188' title='bbox 562 1935 630 1967; x_wconf 84' lang='lat' dir='ltr'>cod.</span> <span class='ocrx_word' id='word_1_189' title='bbox 732 1935 868 1966; x_wconf 87' lang='lat' dir='ltr'>edocuit</span> <span class='ocrx_word' id='word_1_190' title='bbox 901 1934 992 1965; x_wconf 87' lang='lat' dir='ltr'>codd.</span> <span class='ocrx_word' id='word_1_191' title='bbox 1018 1933 1184 1964; x_wconf 72' lang='lat' dir='ltr'>Pm&#39;scz&#39;am·</span> <span class='ocrx_word' id='word_1_192' title='bbox 1321 1942 1363 1972; x_wconf 84' lang='lat'>25</span> <span class='ocrx_word' id='word_1_193' title='bbox 1395 1932 1494 1972; x_wconf 84' lang='lat' dir='ltr'>penis</span> <span class='ocrx_word' id='word_1_194' title='bbox 1520 1943 1550 1963; x_wconf 85' lang='lat' dir='ltr'>a.</span> 
     </span>
     <span class='ocr_line' id='line_1_31' title="bbox 209 1976 1552 2019; baseline -0.004 -8"><span class='ocrx_word' id='word_1_195' title='bbox 209 1991 361 2012; x_wconf 88' lang='lat' dir='ltr'>suumma</span> <span class='ocrx_word' id='word_1_196' title='bbox 378 1981 409 2010; x_wconf 86' lang='grc' dir='ltr'><em>Β</em></span> <span class='ocrx_word' id='word_1_197' title='bbox 555 1991 595 2019; x_wconf 86' lang='lat'>27</span> <span class='ocrx_word' id='word_1_198' title='bbox 621 1990 757 2019; x_wconf 86' lang='lat' dir='ltr'>quoque</span> <span class='ocrx_word' id='word_1_199' title='bbox 774 1979 806 2009; x_wconf 89' lang='grc' dir='ltr'><em>Β</em></span> <span class='ocrx_word' id='word_1_200' title='bbox 912 1978 1065 2009; x_wconf 84' lang='lat' dir='ltr'>exoritur</span> <span class='ocrx_word' id='word_1_201' title='bbox 1082 1977 1147 2008; x_wconf 88' lang='lat' dir='ltr'>cod.</span> <span class='ocrx_word' id='word_1_202' title='bbox 1299 1977 1341 2006; x_wconf 90' lang='lat'>28</span> <span class='ocrx_word' id='word_1_203' title='bbox 1365 1976 1552 2007; x_wconf 81' lang='lat' dir='ltr'>blanditiae</span> 
     </span>
     <span class='ocr_line' id='line_1_32' title="bbox 208 2018 1553 2064; baseline -0.004 -9"><span class='ocrx_word' id='word_1_204' title='bbox 208 2025 282 2056; x_wconf 80' lang='lat' dir='ltr'>Ital.</span> <span class='ocrx_word' id='word_1_205' title='bbox 301 2037 308 2055; x_wconf 90' lang='lat'>:</span> <span class='ocrx_word' id='word_1_206' title='bbox 333 2024 503 2055; x_wconf 84' lang='lat' dir='ltr'>blanditer</span> <span class='ocrx_word' id='word_1_207' title='bbox 525 2024 592 2055; x_wconf 89' lang='lat' dir='ltr'>cod.</span> <span class='ocrx_word' id='word_1_208' title='bbox 618 2025 694 2064; x_wconf 80' lang='lat' dir='ltr'>(pro</span> <span class='ocrx_word' id='word_1_209' title='bbox 714 2018 853 2060; x_wconf 65' lang='lat' dir='ltr'>blandit,</span> <span class='ocrx_word' id='word_1_210' title='bbox 882 2023 902 2052; x_wconf 86' lang='lat' dir='ltr'>i.</span> <span class='ocrx_word' id='word_1_211' title='bbox 914 2033 939 2052; x_wconf 80' lang='lat' dir='ltr'>e.</span> <span class='ocrx_word' id='word_1_212' title='bbox 965 2022 1148 2052; x_wconf 82' lang='lat' dir='ltr'>blanditiae</span> <span class='ocrx_word' id='word_1_213' title='bbox 1161 2022 1186 2061; x_wconf 73' lang='lat'>3)</span> <span class='ocrx_word' id='word_1_214' title='bbox 1322 2030 1364 2060; x_wconf 88' lang='lat'>29</span> <span class='ocrx_word' id='word_1_215' title='bbox 1387 2019 1553 2060; x_wconf 86' lang='lat' dir='ltr'>supplicia</span> 
     </span>
     <span class='ocr_line' id='line_1_33' title="bbox 209 2062 1552 2106; baseline -0.004 -7"><span class='ocrx_word' id='word_1_216' title='bbox 209 2069 319 2099; x_wconf 84' lang='lat' dir='ltr'>danda</span> <span class='ocrx_word' id='word_1_217' title='bbox 338 2068 510 2099; x_wconf 76' lang='lat' dir='ltr'>Buecheler</span> <span class='ocrx_word' id='word_1_218' title='bbox 649 2077 688 2106; x_wconf 86' lang='lat'>31</span> <span class='ocrx_word' id='word_1_219' title='bbox 717 2067 819 2097; x_wconf 87' lang='lat' dir='ltr'>miros</span> <span class='ocrx_word' id='word_1_220' title='bbox 847 2076 958 2096; x_wconf 86' lang='lat' dir='ltr'>annua</span> <span class='ocrx_word' id='word_1_221' title='bbox 985 2067 1013 2096; x_wconf 90' lang='lat' dir='ltr'>is</span> <span class='ocrx_word' id='word_1_222' title='bbox 1043 2066 1163 2103; x_wconf 82' lang='lat' dir='ltr'>(miror</span> <span class='ocrx_word' id='word_1_223' title='bbox 1190 2075 1322 2096; x_wconf 86' lang='lat' dir='ltr'>annuus</span> <span class='ocrx_word' id='word_1_224' title='bbox 1347 2062 1437 2099; x_wconf 76' lang='lat' dir='ltr'>PCD)</span> <span class='ocrx_word' id='word_1_225' title='bbox 1463 2063 1552 2094; x_wconf 83' lang='lat' dir='ltr'>cod.:</span> 
     </span>
     <span class='ocr_line' id='line_1_34' title="bbox 209 2108 1553 2150; baseline -0.005 -6"><span class='ocrx_word' id='word_1_226' title='bbox 209 2123 289 2144; x_wconf 84' lang='lat' dir='ltr'>corr.</span> <span class='ocrx_word' id='word_1_227' title='bbox 312 2112 500 2144; x_wconf 73' lang='lat' dir='ltr'>Gronovius</span> <span class='ocrx_word' id='word_1_228' title='bbox 591 2112 719 2150; x_wconf 84' lang='lat' dir='ltr'>primos</span> <span class='ocrx_word' id='word_1_229' title='bbox 736 2110 769 2141; x_wconf 88' lang='grc' dir='ltr'><em>Β</em></span> <span class='ocrx_word' id='word_1_230' title='bbox 857 2110 988 2141; x_wconf 87' lang='lat' dir='ltr'>ebolust</span> <span class='ocrx_word' id='word_1_231' title='bbox 1003 2109 1068 2140; x_wconf 86' lang='lat' dir='ltr'>cod.</span> <span class='ocrx_word' id='word_1_232' title='bbox 1086 2122 1093 2141; x_wconf 77' lang='lat' dir='ltr'><strong><em>z</em></strong></span> <span class='ocrx_word' id='word_1_233' title='bbox 1112 2120 1192 2140; x_wconf 85' lang='lat' dir='ltr'>corr.</span> <span class='ocrx_word' id='word_1_234' title='bbox 1211 2108 1424 2139; x_wconf 77' lang='lat' dir='ltr'>Camerarius</span> <span class='ocrx_word' id='word_1_235' title='bbox 1511 2117 1553 2147; x_wconf 85' lang='lat'>32</span> 
     </span>
     <span class='ocr_line' id='line_1_35' title="bbox 210 2152 1553 2194; baseline -0.004 -7"><span class='ocrx_word' id='word_1_236' title='bbox 210 2158 332 2188; x_wconf 85' lang='lat' dir='ltr'>dantur</span> <span class='ocrx_word' id='word_1_237' title='bbox 357 2157 485 2187; x_wconf 80' lang='lat' dir='ltr'>Bothe:</span> <span class='ocrx_word' id='word_1_238' title='bbox 519 2156 618 2186; x_wconf 83' lang='lat' dir='ltr'>dutor</span> <span class='ocrx_word' id='word_1_239' title='bbox 636 2159 743 2194; x_wconf 76' lang='lat' dir='ltr'>&lt;tutor</span> <span class='ocrx_word' id='word_1_240' title='bbox 768 2154 858 2193; x_wconf 79' lang='lat' dir='ltr'>PCD)</span> <span class='ocrx_word' id='word_1_241' title='bbox 885 2154 951 2185; x_wconf 88' lang='lat' dir='ltr'>cod.</span> <span class='ocrx_word' id='word_1_242' title='bbox 1099 2163 1141 2192; x_wconf 83' lang='lat'>33</span> <span class='ocrx_word' id='word_1_243' title='bbox 1166 2158 1222 2184; x_wconf 84' lang='lat' dir='ltr'>aut</span> <span class='ocrx_word' id='word_1_244' title='bbox 1254 2163 1334 2183; x_wconf 87' lang='lat' dir='ltr'>aera</span> <span class='ocrx_word' id='word_1_245' title='bbox 1364 2152 1462 2183; x_wconf 62' lang='lat' dir='ltr'>liuh:</span> <span class='ocrx_word' id='word_1_246' title='bbox 1496 2157 1553 2182; x_wconf 83' lang='lat' dir='ltr'>aut</span> 
     </span>
     <span class='ocr_line' id='line_1_36' title="bbox 210 2195 1541 2235; baseline -0.004 -4"><span class='ocrx_word' id='word_1_247' title='bbox 210 2211 266 2232; x_wconf 82' lang='lat' dir='ltr'>ara</span> <span class='ocrx_word' id='word_1_248' title='bbox 277 2200 343 2231; x_wconf 87' lang='lat' dir='ltr'>cod.</span> <span class='ocrx_word' id='word_1_249' title='bbox 358 2212 364 2231; x_wconf 72' lang='grc' dir='ltr'><em>ι</em></span> <span class='ocrx_word' id='word_1_250' title='bbox 382 2200 569 2230; x_wconf 83' lang='lat' dir='ltr'>auctarium</span> <span class='ocrx_word' id='word_1_251' title='bbox 581 2198 709 2230; x_wconf 72' lang='lat' dir='ltr'>Schoell</span> <span class='ocrx_word' id='word_1_252' title='bbox 764 2203 799 2229; x_wconf 87' lang='lat' dir='ltr'>ut</span> <span class='ocrx_word' id='word_1_253' title='bbox 812 2198 853 2228; x_wconf 90' lang='lat' dir='ltr'>ui.</span> <span class='ocrx_word' id='word_1_254' title='bbox 871 2197 901 2228; x_wconf 88' lang='grc' dir='ltr'><em>Β</em></span> <span class='ocrx_word' id='word_1_255' title='bbox 961 2199 1017 2228; x_wconf 76' lang='lat' dir='ltr'>vix</span> <span class='ocrx_word' id='word_1_256' title='bbox 1029 2197 1140 2228; x_wconf 78' lang='lat' dir='ltr'>oleum</span> <span class='ocrx_word' id='word_1_257' title='bbox 1232 2197 1274 2235; x_wconf 84' lang='grc'>36</span> <span class='ocrx_word' id='word_1_258' title='bbox 1299 2197 1422 2227; x_wconf 88' lang='lat' dir='ltr'>lineam</span> <span class='ocrx_word' id='word_1_259' title='bbox 1435 2195 1541 2226; x_wconf 77' lang='lat' dir='ltr'>Stude</span> 
     </span>
     <span class='ocr_line' id='line_1_37' title="bbox 212 2239 1551 2283; baseline -0.003 -8"><span class='ocrx_word' id='word_1_260' title='bbox 212 2244 345 2275; x_wconf 79' lang='lat' dir='ltr'>mund:</span> <span class='ocrx_word' id='word_1_261' title='bbox 372 2244 449 2274; x_wconf 85' lang='lat' dir='ltr'>finfa</span> <span class='ocrx_word' id='word_1_262' title='bbox 470 2243 572 2283; x_wconf 70' lang='lat' dir='ltr'>(infra</span> <span class='ocrx_word' id='word_1_263' title='bbox 591 2243 678 2283; x_wconf 80' lang='lat' dir='ltr'>PCD)</span> <span class='ocrx_word' id='word_1_264' title='bbox 697 2241 763 2274; x_wconf 89' lang='lat' dir='ltr'>cod.</span> <span class='ocrx_word' id='word_1_265' title='bbox 893 2251 932 2280; x_wconf 84' lang='lat'>37</span> <span class='ocrx_word' id='word_1_266' title='bbox 959 2241 1102 2272; x_wconf 86' lang='lat' dir='ltr'>Siniecit</span> <span class='ocrx_word' id='word_1_267' title='bbox 1116 2240 1169 2272; x_wconf 84' lang='lat' dir='ltr'>B:</span> <span class='ocrx_word' id='word_1_268' title='bbox 1197 2241 1332 2272; x_wconf 78' lang='lat' dir='ltr'>Sinietit</span> <span class='ocrx_word' id='word_1_269' title='bbox 1349 2239 1423 2270; x_wconf 62' lang='grc' dir='ltr'>ΡΟ)</span> <span class='ocrx_word' id='word_1_270' title='bbox 1439 2252 1444 2270; x_wconf 86' lang='grc'>;</span> <span class='ocrx_word' id='word_1_271' title='bbox 1470 2251 1551 2271; x_wconf 79' lang='lat' dir='ltr'>corr.</span> 
     </span>
     <span class='ocr_line' id='line_1_38' title="bbox 211 2283 1551 2329; baseline -0.004 -10"><span class='ocrx_word' id='word_1_272' title='bbox 211 2288 350 2329; x_wconf 83' lang='lat' dir='ltr'>quidam</span> <span class='ocrx_word' id='word_1_273' title='bbox 374 2287 469 2328; x_wconf 80' lang='lat' dir='ltr'>apud</span> <span class='ocrx_word' id='word_1_274' title='bbox 488 2286 718 2317; x_wconf 74' lang='lat' dir='ltr'>Lambinum:</span> <span class='ocrx_word' id='word_1_275' title='bbox 751 2286 777 2316; x_wconf 86' lang='lat' dir='ltr'>si</span> <span class='ocrx_word' id='word_1_276' title='bbox 807 2285 917 2316; x_wconf 83' lang='lat' dir='ltr'>inierit</span> <span class='ocrx_word' id='word_1_277' title='bbox 944 2285 1117 2315; x_wconf 76' lang='lat' dir='ltr'>Buecheler</span> <span class='ocrx_word' id='word_1_278' title='bbox 1128 2286 1208 2325; x_wconf 84' lang='lat' dir='ltr'>fort.</span> <span class='ocrx_word' id='word_1_279' title='bbox 1242 2289 1315 2314; x_wconf 65' lang='lat' dir='ltr'>recte</span> <span class='ocrx_word' id='word_1_280' title='bbox 1429 2284 1471 2323; x_wconf 84' lang='lat'>38</span> <span class='ocrx_word' id='word_1_281' title='bbox 1496 2283 1551 2325; x_wconf 82' lang='lat' dir='ltr'>or]</span> 
     </span>
     <span class='ocr_line' id='line_1_39' title="bbox 212 2327 1551 2370; baseline -0.005 -7"><span class='ocrx_word' id='word_1_282' title='bbox 212 2332 446 2364; x_wconf 83' lang='lat' dir='ltr'>circumuortit</span> <span class='ocrx_word' id='word_1_283' title='bbox 471 2330 643 2361; x_wconf 75' lang='lat' dir='ltr'>Buecheler</span> <span class='ocrx_word' id='word_1_284' title='bbox 666 2329 740 2370; x_wconf 80' lang='lat' dir='ltr'>&lt;qui</span> <span class='ocrx_word' id='word_1_285' title='bbox 760 2330 816 2360; x_wconf 80' lang='lat' dir='ltr'>alt.</span> <span class='ocrx_word' id='word_1_286' title='bbox 842 2331 918 2360; x_wconf 86' lang='lat' dir='ltr'>dum</span> <span class='ocrx_word' id='word_1_287' title='bbox 944 2329 1102 2359; x_wconf 51' lang='lat' dir='ltr'>omittiti:</span> <span class='ocrx_word' id='word_1_288' title='bbox 1128 2329 1208 2368; x_wconf 74' lang='lat' dir='ltr'>fort.</span> <span class='ocrx_word' id='word_1_289' title='bbox 1233 2333 1344 2358; x_wconf 80' lang='lat' dir='ltr'>oratas</span> <span class='ocrx_word' id='word_1_290' title='bbox 1362 2327 1422 2359; x_wconf 75' lang='lat' dir='ltr'>‹iii.</span> <span class='ocrx_word' id='word_1_291' title='bbox 1443 2338 1473 2366; x_wconf 84' lang='lat' dir='ltr'>p.</span> <span class='ocrx_word' id='word_1_292' title='bbox 1494 2334 1551 2366; x_wconf 49' lang='lat'>525</span> 
     </span>
     <span class='ocr_line' id='line_1_40' title="bbox 214 2370 1549 2416; baseline -0.004 -10"><span class='ocrx_word' id='word_1_293' title='bbox 214 2387 256 2416; x_wconf 82' lang='lat'>39</span> <span class='ocrx_word' id='word_1_294' title='bbox 279 2377 437 2406; x_wconf 85' lang='lat' dir='ltr'>donicum</span> <span class='ocrx_word' id='word_1_295' title='bbox 465 2374 675 2406; x_wconf 71' lang='lat' dir='ltr'>Saracenas:</span> <span class='ocrx_word' id='word_1_296' title='bbox 713 2374 839 2404; x_wconf 82' lang='lat' dir='ltr'>dolium</span> <span class='ocrx_word' id='word_1_297' title='bbox 873 2372 938 2403; x_wconf 85' lang='lat' dir='ltr'>cod.</span> <span class='ocrx_word' id='word_1_298' title='bbox 1065 2372 1155 2402; x_wconf 82' lang='lat' dir='ltr'>foras</span> <span class='ocrx_word' id='word_1_299' title='bbox 1188 2372 1307 2401; x_wconf 85' lang='lat' dir='ltr'>eduxit</span> <span class='ocrx_word' id='word_1_300' title='bbox 1340 2370 1437 2402; x_wconf 84' lang='lat' dir='ltr'>cod.:</span> <span class='ocrx_word' id='word_1_301' title='bbox 1477 2372 1549 2402; x_wconf 77' lang='lat' dir='ltr'>Irni.</span> 
     </span>
     <span class='ocr_line' id='line_1_41' title="bbox 216 2414 1378 2457; baseline -0.005 -5"><span class='ocrx_word' id='word_1_302' title='bbox 216 2420 427 2452; x_wconf 66' lang='lat' dir='ltr'>Caumran&#39;us</span> <span class='ocrx_word' id='word_1_303' title='bbox 560 2428 602 2457; x_wconf 89' lang='lat'>40</span> <span class='ocrx_word' id='word_1_304' title='bbox 623 2417 751 2448; x_wconf 83' lang='lat' dir='ltr'>Ibidem</span> <span class='ocrx_word' id='word_1_305' title='bbox 770 2416 837 2448; x_wconf 87' lang='lat' dir='ltr'>cod.</span> <span class='ocrx_word' id='word_1_306' title='bbox 931 2421 982 2446; x_wconf 79' lang='lat' dir='ltr'>set</span> <span class='ocrx_word' id='word_1_307' title='bbox 1001 2416 1077 2457; x_wconf 77' lang='lat' dir='ltr'>(sed</span> <span class='ocrx_word' id='word_1_308' title='bbox 1095 2414 1186 2456; x_wconf 73' lang='lat' dir='ltr'>PCD)</span> <span class='ocrx_word' id='word_1_309' title='bbox 1203 2415 1293 2456; x_wconf 91' lang='lat' dir='ltr'>quod</span> <span class='ocrx_word' id='word_1_310' title='bbox 1310 2414 1378 2446; x_wconf 83' lang='lat' dir='ltr'>cod.</span> 
     </span>
    </p>
   </div>
   <div class='ocr_carea' id='block_1_9' title="bbox 1560 982 1607 1017">
    <p class='ocr_par' dir='ltr' id='par_1_21' title="bbox 1560 982 1607 1017">
     <span class='ocr_line' id='line_1_42' title="bbox 1560 982 1607 1017; baseline 0 -11"><span class='ocrx_word' id='word_1_311' title='bbox 1560 982 1607 1017; x_wconf 83' lang='grc'>30</span> 
     </span>
    </p>
   </div>
   <div class='ocr_carea' id='block_1_10' title="bbox 1567 1641 1614 1675">
    <p class='ocr_par' dir='ltr' id='par_1_22' title="bbox 1567 1641 1614 1675">
     <span class='ocr_line' id='line_1_43' title="bbox 1567 1641 1614 1675; baseline 0 -10"><span class='ocrx_word' id='word_1_312' title='bbox 1567 1641 1614 1675; x_wconf 88' lang='lat'>40</span> 
     </span>
    </p>
   </div>
  </div>
 </body>
</html>
