1747 2740
632 125 981 163 TRINVMMVS
1410 125 1478 162 IV.
1499 119 1530 158 ii

144 243 208 279 ὃν.
242 254 305 279 ern
327 239 412 278 istic
433 239 514 277 erit.
575 237 642 288 qui
660 237 777 276 istum
795 237 835 276 di
856 238 1048 288 perdant!
1097 239 1174 277 CH.
1208 238 1286 276 dixi
1309 251 1381 287 ego
1402 237 1479 276 iam

1211 304 1363 342 dudum
1385 303 1456 342 tibi
1473 318 1480 342 ε

146 380 184 411 te
205 372 336 423 potius
358 372 459 410 bene
480 370 611 409 dicere
631 377 840 420 aequomst
862 369 1015 408 homini
1034 370 1164 408 amico
1185 384 1304 421 quam
1327 371 1439 409 male.

59 448 125 485 925
147 440 210 477 ΞΥ.
243 437 344 476 satin
366 436 465 475 inter
485 437 593 474 labra
613 444 732 486 atque
753 437 893 475 dentes
913 435 1026 474 latuit
1047 436 1105 474 uir
1126 436 1278 474 minimi
1300 435 1427 486 preti?

147 504 225 543 CH.
267 516 317 541 ne
347 503 448 540 male
478 503 640 552 loquere
669 500 823 552 apsenti
852 500 992 540 amico.
1053 502 1119 540 Sv.
1161 501 1257 552 quid
1293 515 1384 551 ergo
1418 500 1482 539 ille

1192 566 1481 617 ignauissumus

145 633 242 673 mihi
263 633 470 671 latitabat?
529 633 607 672 CH.
641 631 672 671 si
692 633 943 683 appellasses,
966 632 1244 682 respondisset,
1270 631 1441 671 nomine.
1500 637 1540 677 85

145 701 216 738 sed
236 699 320 750 ipse
347 698 416 737 ubi
442 699 530 737 est?
587 699 651 736 Sv.
684 699 750 748 pol
778 697 887 736 illum
915 697 1053 747 reliqui
1081 698 1132 737 ad
1160 699 1481 736 Rhadamantem

1028 762 1068 800 in
1089 763 1286 814 Cecropio
1308 761 1479 816 [insula]

146 832 224 872 CH.
267 830 354 881 quis
386 831 509 869 homo
544 836 602 868 est
638 842 701 868 me
736 828 992 879 insipientior,
1016 828 1084 879 qui
1114 828 1197 879 ipse
1228 837 1384 879 egomet
1414 828 1482 868 ubi

1141 894 1215 932 sim
1237 894 1483 945 quaeritem?

57 977 128 1012 930
146 964 216 1002 sed
237 962 292 1001 nil
313 961 566 1001 disconducit
593 960 685 999 huic
712 960 777 999 rei.
836 960 934 1010 quid
959 960 1045 999 ais?
1086 960 1183 1011 quid
1211 962 1288 1000 hoc
1315 962 1423 1011 quod
1444 968 1483 999 te

1359 1028 1484 1077 rogo?

145 1107 245 1144 quos
267 1095 375 1131 locos
396 1091 557 1130 adiisti?
613 1092 676 1129 Sv.
710 1091 876 1129 nimium
899 1091 1118 1130 mirimodis
1140 1091 1339 1130 mirabilis.

146 1160 226 1199 CH.
270 1158 379 1196 lubet
423 1156 560 1195 audire
598 1156 672 1194 nisi
718 1158 977 1195 molestumst.
1050 1158 1112 1195 ΞΥ.
1164 1157 1260 1207 quin
1300 1157 1482 1208 discupio
1501 1171 1546 1204 90

1338 1224 1479 1262 dicere.

146 1290 326 1331 omnium
360 1290 530 1340 primum
565 1288 605 1326 in
641 1290 813 1347 Pontum
848 1289 1006 1328 aduecti
1040 1291 1091 1328 ad
1122 1290 1311 1328 Arabiam
1341 1298 1483 1329 terram

1334 1370 1481 1395 sumus.

147 1424 225 1463 CH.
257 1423 335 1461 eho
354 1435 405 1461 an
421 1421 539 1460 etiam
556 1411 740 1460 Arabiast
760 1421 800 1460 in
817 1423 976 1461 Ponto?
1020 1423 1083 1461 Sv.
1116 1430 1198 1461 est:
1228 1436 1309 1460 non
1331 1422 1395 1461 illa
1417 1422 1484 1461 ubi

1219 1496 1281 1526 tus
1301 1488 1480 1538 gignitur,

58 1565 125 1602 935
147 1556 217 1593 sed
238 1554 306 1593 ubi
326 1554 569 1605 apsinthium
592 1555 633 1592 fit
653 1567 699 1592 ac
720 1554 851 1593 cunila
870 1554 1096 1605 gallinacea.

148 1621 226 1661 CH.
272 1620 439 1659 nimium
469 1619 698 1670 graphicum
738 1621 844 1659 hunc
883 1623 1137 1670 nugatorem!
1180 1621 1249 1659 sed
1284 1633 1357 1671 ego
1395 1634 1482 1659 sum

1237 1685 1484 1736 insipientior

147 1752 214 1803 qui
250 1759 406 1803 egomet
441 1753 548 1791 unde
580 1753 738 1791 redeam
772 1754 878 1792 hunc
913 1753 1093 1804 rogitem,
1121 1766 1222 1804 quae
1256 1765 1329 1802 ego
1361 1751 1481 1790 sciam
1503 1763 1543 1795 95

1085 1828 1204 1869 atque
1225 1818 1289 1856 hic
1310 1817 1457 1855 nesciat
1473 1832 1482 1864 ;

146 1884 221 1923 nisi
243 1884 336 1935 quia
355 1885 465 1923 lubet
486 1884 649 1935 experiri
671 1898 752 1935 quo
773 1893 978 1924 euasurust
999 1885 1184 1935 denique.

149 1991 214 2022 CH.
231 1991 382 2023 Chares?
406 1994 458 2022 etc.
505 1989 686 2029 Acidalius,
718 1992 822 2024 Reiz:
856 1993 1048 2032 exemplum
1076 1992 1239 2024 est-CH.
1264 2003 1306 2022 an
1330 1991 1480 2021 Chares?

147 2045 190 2065 an
212 2035 431 2067 Charmides3
478 2034 536 2066 ὃν.
564 2035 653 2065 enim
675 2036 885 2069 Charmides.
909 2037 973 2067 Leo
1093 2037 1172 2067 mim
1195 2036 1279 2077 (min
1297 2035 1383 2075 PCD)
1412 2033 1479 2065 cod.

149 2080 220 2120 (pro
236 2081 330 2116 num)
346 2091 352 2110 :
370 2079 458 2109 enim
477 2078 612 2110 Ribbeck
702 2083 767 2120 926
791 2082 930 2122 loquere
941 2081 1087 2121 Bentley:
1105 2081 1244 2120 loquare
1257 2079 1323 2111 cod.
1416 2089 1479 2118 927

147 2123 412 2154 nominiRitsclzl
506 2125 570 2162 928
593 2125 809 2156 ihadamante
827 2126 858 2156 B
875 2137 881 2156 ε
908 2125 1118 2155 Rhadamam
1135 2124 1260 2155 Ritschl
1326 2123 1482 2162 cecropio

148 2166 234 2207 (-pia
250 2167 337 2205 PCD)
363 2165 429 2197 cod.
509 2168 616 2200 insula
640 2168 696 2200 del.
720 2168 856 2200 Guietus
965 2179 1030 2208 929
1049 2170 1104 2208 qui
1123 2169 1224 2199 homo
1238 2168 1302 2199 cod.
1416 2176 1477 2205 931

148 2211 273 2242 adistix
299 2211 333 2243 (ι’.
349 2221 372 2242 e.
401 2211 501 2241 adisti
529 2222 603 2242 cum
633 2212 675 2250 X,
704 2216 780 2243 nota
800 2214 970 2253 personae]
996 2212 1061 2244 cod.
1154 2213 1245 2243 miris
1277 2211 1384 2243 modis
1410 2211 1476 2242 cod.

147 2264 212 2294 933
235 2255 278 2285 ad
293 2254 527 2286 Camerarius:
551 2267 568 2286 a
586 2256 655 2287 cod.
671 2269 678 2288 ε
702 2256 759 2288 del.
777 2256 850 2288 Ital.
942 2267 1006 2296 934
1031 2257 1163 2287 cubitus
1176 2255 1208 2286 Β
1296 2266 1361 2296 935
1377 2260 1479 2295 atque

147 2298 211 2329 cod.
323 2309 386 2337 937
411 2299 514 2339 quae]
532 2299 609 2338 quia
625 2300 658 2330 B
675 2301 686 2340 ζ
690 2301 745 2330 vix
765 2302 903 2340 antiqua
926 2302 1010 2331 vocis
1029 2311 1115 2340 quae
1124 2300 1257 2342 forma)
1406 2303 1483 2341 post

146 2342 236 2373 hunc
253 2353 385 2374 versum
398 2346 487 2374 stant
502 2354 551 2374 vv.
573 2344 697 2384 889-91
718 2344 750 2374 in
768 2344 832 2374 cod.
853 2345 905 2384 (cf
924 2343 972 2375 ad
984 2344 1063 2385 889)
