1747 2740
536 150 707 188 MILES
738 150 1052 189 GLORIOSVS
1392 154 1458 190 IV.
1477 152 1492 190 i

129 274 231 312 quae
252 268 290 300 te
308 267 414 299 amat
435 267 624 309 tuamque
645 258 855 309 expetessit
876 261 1079 309 pulchram
1102 261 1436 310 pulchritudincm
1453 276 1463 309 3

42 330 112 374 960
129 327 213 365 eius
233 338 339 363 nunc
361 325 413 363 mi
433 326 596 363 anulum
617 325 668 362 ad
690 332 727 363 te
747 324 890 362 ancilla
910 338 1026 374 porro
1046 333 1087 362 ut
1109 326 1299 364 deferrem
1321 326 1442 365 dedit.

130 393 197 429 ΡΥ.
229 390 326 440 quid
347 391 422 428 ca?
451 389 649 439 ingenuan
670 403 719 427 an
743 390 891 427 festuca
913 390 1014 427 sacta
1035 404 1055 427 e
1077 403 1189 428 serua
1209 391 1396 429 liberast?
1486 409 1521 439 15

129 458 198 495 ΡΑ.
231 456 307 494 uah
326 457 332 493 1
358 468 483 505 egone
505 462 546 493 ut
566 456 617 493 ad
635 463 671 493 te
691 455 742 493 ab
760 454 940 493 libertina
956 468 1041 493 esse
1057 456 1244 494 auderem
1266 456 1464 494 internun-

1376 522 1462 569 tius,

131 585 199 636 qui
220 585 400 636 ingenuis
421 585 504 624 sati'
525 598 756 636 responsare
778 599 951 635 nequeas
972 599 1074 635 quae
1095 586 1259 636 cupiunt
1281 587 1366 625 tui?

3 653 110 699 964-5
134 653 201 690 Ργ.
234 658 422 702 nuptanst
442 665 492 689 an
514 650 664 690 uidua?
722 653 790 689 PA.
824 657 861 689 et
886 658 1010 701 nupta
1030 658 1068 689 et
1093 651 1223 690 uidua.
1285 654 1352 690 ΡΥ.
1385 666 1466 703 quo

1225 726 1342 768 pacto
1362 727 1466 769 potis

130 789 255 833 nupta
274 789 312 820 et
339 781 460 821 uidua
487 795 574 821 esse
595 782 765 821 eadem?
824 783 893 820 ΡΑ.
927 781 1019 832 quia
1043 783 1276 821 adulescens
1306 791 1466 833 nuptast

1246 862 1335 887 cum
1359 863 1463 887 sene.

132 914 200 951 Pv.
233 915 378 963 eugae!
428 914 496 951 ΡΑ.
530 911 662 962 lepida
682 920 720 951 et
741 911 891 951 liberali
913 913 1084 952 formast.
1141 915 1208 952 Pr.
1242 928 1339 953 caue
1361 929 1468 953 men-
1490 931 1528 952 20

1294 980 1465 1019 dacium.

132 1044 200 1082 PA.
233 1044 284 1082 ad
306 1050 413 1081 tuam
435 1044 601 1082 formam
624 1043 688 1081 illa
704 1056 783 1081 una
803 1042 970 1093 dignast.
1014 1045 1082 1082 ΡΥ.
1111 1045 1241 1083 hercle
1261 1046 1467 1094 pulchram

1251 1110 1465 1160 praedicas.

130 1175 201 1213 sed
235 1174 322 1225 quis
361 1176 472 1213 east?
531 1177 603 1214 ΡΑ.
642 1174 747 1214 senis
787 1174 903 1214 huius
942 1188 1038 1213 uxor
1078 1175 1408 1226 Periplectomeni
1447 1190 1468 1215 e

671 1286 674 1292 Ι
1261 1254 1465 1291 proxumo.

46 1316 115 1354 970
132 1318 178 1343 ea
198 1304 414 1344 demoritur
435 1312 472 1343 te
493 1312 613 1355 atque
633 1305 684 1343 ab
706 1305 772 1344 illo
795 1305 903 1356 cupit
923 1305 1054 1344 abire:
1085 1305 1169 1344 odit
1190 1319 1336 1344 senem.

131 1384 237 1409 nunc
258 1377 296 1409 te
318 1384 428 1409 orare
449 1379 567 1421 atque
590 1384 795 1421 opsecrare
818 1371 928 1409 iussit
949 1378 991 1409 ut
1012 1384 1099 1409 eam
1121 1371 1277 1421 copiam

130 1436 205 1476 sibi
225 1444 542 1487 potestatemque
563 1436 692 1475 facias.
752 1439 820 1474 ΡΥ.
854 1436 972 1487 cupio
992 1437 1123 1475 hercle
1144 1437 1329 1487 equidem
1351 1437 1383 1476 si
1404 1437 1467 1476 illa
1490 1453 1527 1485 ²5

1371 1505 1465 1542 uolt.

133 1569 202 1606 PA.
239 1581 341 1618 quae
371 1567 508 1619 cupit?
566 1570 634 1606 ΡΥ.
673 1567 768 1618 quid
799 1567 864 1605 illa
893 1566 1082 1606 faciemus
1113 1568 1338 1607 concubina
1367 1582 1469 1619 quae

1293 1634 1470 1673 domist?

132 1700 201 1737 ΡΑ.
234 1698 329 1749 quin
351 1706 392 1737 tu
413 1698 519 1737 illam
542 1698 634 1738 iube
654 1712 724 1749 aps
747 1706 784 1737 te
804 1698 912 1737 abire
934 1711 1014 1749 quo
1035 1698 1144 1737 lubet
1162 1714 1168 1737 :
1199 1698 1299 1737 sicut
1320 1713 1429 1739 soror

175 1813 242 1843 959
272 1807 431 1842 tuamque
458 1802 565 1833 Pius:
598 1807 735 1843 tumque
763 1804 923 1842 (cumque
947 1802 993 1833 Bi
1019 1802 1086 1834 cod.
1193 1805 1378 1843 expetisset
1404 1805 1469 1836 cod.

132 1847 198 1886 960
222 1847 273 1876 eis
288 1846 364 1876 PCD
424 1847 511 1878 hunc
531 1846 704 1878 Acidalius
764 1847 913 1877 deferret
935 1846 1001 1877 cod.
1135 1848 1198 1886 961
1226 1848 1375 1887 ingenua
1400 1849 1466 1880 cod.

133 1901 175 1920 an
201 1890 302 1920 Ital.:
334 1900 372 1920 ac
397 1890 462 1921 cod.
555 1901 573 1921 e
599 1901 699 1921 serua
726 1890 867 1921 Densa:
901 1901 1039 1921 seruare
1071 1890 1137 1923 cod.
1176 1892 1202 1932 (2
1217 1896 1276 1931 pro
1304 1903 1403 1923 serua
1432 1894 1468 1932 e)

133 1934 198 1972 962
223 1934 264 1965 ad
283 1938 315 1964 te
331 1933 405 1965 Ital.
425 1945 430 1963 z
456 1934 552 1965 abste
568 1934 634 1966 cod.
652 1940 725 1975 ipro
738 1941 803 1974 ate,
818 1935 837 1965 ι’.
850 1945 873 1965 e.
889 1935 974 1974 atte)
1064 1935 1190 1966 audere
1207 1935 1271 1967 cod.
1404 1938 1469 1976 963

135 1983 352 2017 responsaret
372 1979 610 2017 (responderet
630 1977 676 2017 Β)
694 1978 757 2008 cod.
849 1979 989 2017 cupiunt
1012 1979 1060 2009 tui
1080 1979 1271 2019 Scioppius:
1305 1979 1397 2019 cupit
1421 1981 1467 2010 uti

134 2021 252 2060 (capiti
281 2022 328 2051 uti
353 2021 398 2059 ij
424 2021 490 2053 cod.
639 2023 716 2061 964,
733 2023 797 2061 965
823 2027 984 2062 nuptanst
1009 2023 1108 2052 uidua
1135 2023 1195 2063 <Bi
1221 2023 1272 2053 vel
1293 2024 1469 2062 nuptanist

134 2065 258 2096 anuida
283 2065 386 2105 (PCD)
404 2065 470 2096 cod.
488 2077 494 2095 :
522 2070 651 2105 nuptan
677 2071 727 2096 est
743 2076 784 2096 an
803 2065 904 2096 uidua
923 2066 1135 2105 Ritsclzlfort.
1151 2069 1228 2096 recte
1243 2078 1249 2097 :
1272 2068 1328 2097 vix
1343 2071 1468 2106 nupta?

134 2113 211 2139 anst
227 2110 281 2140 u.'.²
373 2119 440 2148 quo
457 2109 531 2140 Ital.
551 2121 557 2139 :
581 2109 660 2149 quid
677 2109 743 2140 cod.
762 2110 833 2149 (qui
852 2109 909 2148 ΒΞ)
1017 2111 1082 2148 966
1106 2109 1207 2140 uidua
1225 2115 1257 2140 et
1276 2116 1380 2149 nupta
1397 2111 1470 2141 ΡΠ)

133 2153 231 2182 adem
248 2152 352 2193 (idem
368 2152 411 2187 Β)
425 2152 491 2184 cod.
538 2153 616 2192 quia
633 2153 706 2183 Ital.
724 2164 731 2183 :
755 2153 810 2193 qui
826 2152 889 2184 cod.
969 2154 1032 2192 967
1052 2154 1163 2193 lepide
1180 2159 1213 2183 et
1224 2153 1264 2184 Β.
1280 2154 1367 2184 unde
1382 2165 1468 2194 euge

135 2195 255 2235 lepide.
279 2196 336 2226 ΡΑ.
359 2195 485 2226 liberali
499 2197 540 2232 (ἒ)
554 2196 619 2226 Leo
707 2198 772 2236 968
789 2196 964 2236 pulchrum
982 2196 1046 2227 cod.
1067 2209 1072 2226 ι
1088 2207 1167 2228 corr.
1185 2196 1269 2227 Pius
1402 2200 1468 2237 969

134 2239 223 2280 east]
244 2240 359 2270 haecst
376 2239 408 2269 B
498 2240 555 2271 ΡΥ.
577 2251 742 2280 proxumo
758 2240 844 2271 cod.:
871 2250 889 2270 e
914 2250 1079 2279 proxumo
1103 2244 1181 2280 (om.
1201 2241 1278 2280 ΡΥ.)
1298 2241 1387 2271 Bach
1415 2243 1466 2278 «cli

134 2283 182 2312 ad
192 2282 279 2314 Men.
296 2288 370 2321 15¹]
389 2295 394 2313 :
415 2283 473 2314 ΡΥ.
488 2294 530 2314 ex
545 2294 593 2324 pr.
610 2287 618 2314 ,ἲ
637 2284 697 2314 alii
764 2294 829 2322 970
845 2283 1120 2323 cupitAcidalius
1136 2296 1142 2314 :
1169 2285 1248 2323 cipit
1266 2285 1330 2316 cod.
1402 2295 1463 2324 971

134 2327 264 2366 copiam
288 2326 362 2358 Ital.
383 2338 388 2356 :
421 2328 552 2366 cupiam
579 2328 639 2364 (Β)
664 2327 714 2358 vel
733 2328 863 2366 capiam
890 2327 991 2365 tPCD)
1016 2327 1082 2358 ‹od.
1225 2339 1290 2367 973
1323 2329 1410 2358 illam
1435 2328 1468 2358 B

135 2371 355 2401 concubinam
387 2370 451 2401 codl
489 2371 538 2411 (rs.
572 2372 618 2401 ad
649 2382 679 2403 v.
716 2374 796 2410 323)
884 2372 1022 2410 quando
1064 2372 1140 2401 mist
1177 2372 1242 2402 cod.
1290 2383 1368 2403 corr.
1401 2371 1466 2412 D'·')

135 2423 199 2454 974
223 2425 291 2455 quo
308 2415 399 2444 lubet
416 2415 490 2445 [tal.
508 2427 514 2445 :
539 2416 627 2455 quod
646 2415 736 2445 iubet
752 2413 818 2446 cod.
839 2413 982 2456 (vr'xpro
998 2415 1089 2454 quod
1108 2415 1145 2454 l.)
