1747 2740
699 157 926 195 RVDENS
1400 159 1476 195 ΙΙΙ.
1499 157 1546 194 iv

147 268 223 306 DA.
257 275 430 318 optume,
455 266 555 306 istuc
576 268 839 306 nolueramus.
905 266 998 305 iube
1020 267 1142 305 modo
1163 267 1326 305 accedat
1347 280 1479 317 prope.

145 339 214 371 tun
236 332 529 383 legerupionem
551 332 615 371 hic
637 332 752 371 nobis
773 346 864 371 cum
885 331 946 371 dis
967 333 1094 370 facere
1117 333 1322 382 postulas?

55 410 126 446 710
144 410 322 448 pugnum
361 397 400 435 in
444 411 488 436 os
531 396 717 448 impinge.
796 399 865 435 LA.
899 396 1035 448 iniqua
1082 398 1180 435 haec
1223 396 1349 447 patior
1391 410 1481 435 cum
1505 414 1520 443 5

1256 461 1380 512 pretio
1402 470 1480 500 tuo.

146 528 222 566 DA.
255 536 294 567 at
333 527 451 567 etiam
485 526 688 566 minitatur
720 529 881 567 audax?
938 528 1009 566 LA.
1042 526 1101 566 ius
1137 540 1269 566 meum
1304 535 1480 577 ereptum

1294 600 1352 630 est
1374 592 1480 640 mihi,

143 671 250 697 meas
272 658 369 698 mihi
388 658 550 698 ancillas
571 658 698 697 inuito
718 672 782 697 me
803 657 930 709 eripis.
990 659 1066 696 TR.
1100 658 1203 696 habe
1224 657 1395 697 iudicem

141 724 193 762 de
213 732 352 762 senatu
374 723 591 774 Cyrenensi
611 723 795 774 quemuis
816 724 1050 773 opulentum
1072 722 1212 769 uirum,

141 787 174 826 si
196 796 281 827 tuas
302 792 388 828 e'sse
408 796 563 840 oportet
584 788 677 827 niue
697 802 763 827 eas
784 790 870 828 esse
891 795 1047 839 oportet
1068 788 1209 826 liberas

54 867 120 904 715
142 867 219 892 neu
241 861 279 892 te
299 853 338 892 in
360 868 556 893 carcerem
578 853 779 904 compingi
800 853 971 904 aequom
994 861 1052 892 est
1073 861 1323 904 aetatemque
1344 854 1396 893 ibi
1502 868 1540 889 10

141 926 178 957 te
200 933 325 969 usque
346 919 533 966 habitare,
557 920 686 958 donec
708 927 835 958 totum
857 932 1054 958 carcerem
1076 919 1317 958 contriueris.

141 985 212 1022 LA.
245 998 326 1022 non
348 984 468 1023 hodie
488 984 551 1023 isti
572 984 625 1023 rei
646 984 860 1034 auspicani,
884 992 927 1022 ut
948 998 1039 1022 cum
1062 984 1244 1023 furcifero
1265 986 1426 1024 fabuler.

139 1050 177 1087 te
197 1063 272 1100 ego
291 1051 458 1100 appello.
508 1052 585 1088 DA.
608 1063 698 1088 cum
721 1049 819 1088 istoc
839 1049 1009 1099 primum
1033 1049 1100 1099 qui
1122 1057 1159 1088 te
1182 1049 1292 1088 nouit
1309 1050 1476 1101 disputa.

139 1115 210 1153 LA.
243 1122 375 1154 tecum
408 1128 492 1165 ago.
566 1117 642 1153 TR.
674 1115 784 1165 atqui
819 1128 976 1153 mecum
1010 1117 1258 1165 agendumst.
1335 1124 1478 1156 suntne

1064 1181 1152 1220 illae
1173 1181 1338 1221 ancillae
1359 1184 1478 1221 tuae?

50 1257 120 1293 720
139 1247 211 1284 LA.
257 1254 357 1285 sunt.
436 1248 512 1285 TR.
558 1248 729 1299 agedum
769 1261 872 1297 ergo,
914 1255 1031 1297 tange
1077 1247 1266 1286 utramuis
1312 1248 1477 1298 digitulo
1499 1260 1538 1292 15

668 1345 671 1352 ,
1154 1312 1320 1352 minimo
1341 1315 1474 1352 modo.

138 1377 208 1414 LA.
240 1377 336 1427 quid
361 1376 392 1415 si
421 1377 615 1427 attigero?
671 1379 707 1415 T
711 1390 747 1415 R.
781 1379 980 1428 extemplo
1010 1378 1141 1417 hercle
1171 1392 1245 1429 ego
1275 1386 1313 1417 te
1342 1380 1475 1418 follem

1198 1444 1475 1495 pugilatorium

135 1507 276 1546 faciam
298 1516 336 1546 et
357 1510 599 1559 pendentem
622 1508 834 1547 incursabo
855 1509 1008 1560 pugnis,
1032 1509 1314 1560 peiiurissume.

135 1574 206 1611 LA.
240 1573 335 1611 mihi
356 1587 437 1612 non
458 1573 573 1612 liceat
595 1588 702 1612 meas
724 1574 887 1613 ancillas
904 1574 1070 1614 Veneris
1093 1576 1143 1614 de
1164 1589 1229 1614 ara
1248 1576 1476 1615 abducere?

135 1639 210 1677 DA.
244 1652 325 1678 non
377 1639 467 1678 licet
488 1655 494 1677 :
543 1640 596 1678 ita
644 1648 702 1679 est
742 1642 803 1679 lex
841 1641 949 1690 apud
990 1654 1062 1679 nos
1077 1665 1127 1668 —
1143 1643 1212 1679 LA.
1247 1641 1343 1679 mihi
1383 1655 1473 1680 cum

1159 1706 1301 1745 uostris
1321 1707 1473 1757 legibus

48 1776 112 1814 725
134 1769 231 1808 nihil
252 1777 310 1809 est
326 1772 549 1810 commerci.
610 1770 796 1822 equidem
814 1771 906 1810 istas
924 1771 1000 1810 iam
1018 1772 1155 1811 ambas
1172 1773 1340 1811 educam
1356 1774 1470 1812 foras.
1494 1785 1535 1808 20

134 1843 187 1882 tu,
209 1849 338 1883 senex,
363 1836 393 1874 si
415 1836 507 1876 istas
527 1850 647 1884 amas,
671 1839 750 1876 huc
771 1837 883 1876 arido
905 1846 1105 1888 argentost
1126 1852 1225 1889 opus
1241 1852 1251 1886 3

132 1900 164 1939 si
184 1909 316 1940 autem
338 1902 483 1941 Veneri
504 1904 843 1954 complacuerunt,
867 1904 1021 1951 habeat,
1046 1903 1077 1942 si
1098 1912 1302 1955 argentum
1325 1903 1446 1943 dabit.

134 1968 210 2005 DA.
243 1967 283 2006 di
304 1967 374 2007 tibi
395 1977 600 2019 argentum
620 1972 626 2007 !
657 1984 764 2008 nunc
780 1970 883 2009 adeo
902 1984 1030 2009 meam
1048 1978 1090 2009 ut
1106 1969 1205 2008 scias
1222 1969 1469 2017 sententiam,

131 2032 303 2084 occipito
325 2035 446 2073 modo
467 2034 540 2074 illis
560 2036 712 2075 adferre
733 2035 815 2074 uim
838 2035 969 2074 ioculo
990 2035 1259 2086 pauxillulum,

177 2140 304 2179 708-12
328 2140 362 2170 A
382 2151 414 2172 n.
430 2140 450 2172 l.
544 2151 607 2181 709
631 2146 690 2173 tun
718 2141 950 2174 Camerarius:
984 2147 1063 2173 tunc
1087 2141 1154 2173 cod.
1248 2141 1412 2181 nobisque
1435 2147 1469 2173 et

133 2183 184 2214 dis
204 2184 243 2224 (ἒ)
264 2183 328 2214 Leo
460 2195 521 2225 714
547 2196 605 2216 eas
631 2195 707 2216 esse
737 2191 873 2226 oportet
904 2187 1058 2217 Merula:
1084 2197 1142 2216 eas
1165 2191 1300 2224 oportet
1325 2196 1400 2216 esse
1425 2186 1464 2225 P,

132 2227 166 2257 A
186 2238 218 2258 n.
235 2227 257 2258 l.
276 2228 327 2268 (cs
347 2227 394 2258 ad
407 2238 434 2259 v.
456 2230 532 2268 736)
656 2239 718 2269 715
744 2235 796 2260 est
814 2241 955 2270 aequom
974 2230 1038 2261 cod.
1057 2229 1149 2261 (ordo
1166 2241 1231 2260 non
1249 2229 1443 2260 Plantinusi
1462 2242 1468 2261 :

133 2271 205 2302 irai.
232 2271 369 2302 Gr'mm:
394 2271 444 2302 vt‘l
457 2279 630 2312 aequomst
758 2279 834 2313 pos!
850 2275 893 2304 ibi
912 2278 993 2314 spru.
1012 2274 1046 2303 1'11
1064 2273 1148 2313 ΡΠ),
1170 2273 1255 2303 unde
1272 2273 1313 2303 ibi
1332 2272 1468 2315 (tuam)

131 2313 259 2344 Sclmell
361 2326 423 2354 720
447 2317 614 2351 agendum
632 2316 698 2349 cod.
805 2328 867 2358 723
894 2319 1064 2349 adducere
1081 2317 1114 2347 P
1218 2328 1277 2356 724
1305 2328 1368 2347 non
1391 2318 1467 2347 licet

131 2357 180 2387 vel
194 2368 261 2388 non
280 2358 358 2390 licet
377 2360 420 2389 ita
444 2359 483 2399 P,
504 2361 536 2390 A
560 2371 592 2391 n.
616 2360 635 2391 l.
780 2371 843 2400 725
869 2363 951 2392 vix*
970 2360 1053 2392 nihil
1071 2365 1123 2391 est
1141 2361 1192 2400 (ul
1202 2366 1286 2401 puta
1302 2360 1463 2403 (senex).

133 2401 214 2431 nihil
240 2404 307 2436 est)
335 2402 382 2431 (A
401 2413 432 2432 n.
451 2403 488 2440 l.)
634 2405 697 2443 726
720 2406 857 2436 amabas
881 2405 955 2435 PCD
982 2407 1058 2446 (pro
1083 2405 1149 2435 -bis
1162 2406 1187 2445 ἲ)
1323 2406 1386 2444 728
1410 2405 1463 2436 de!

131 2455 176 2475 an
193 2446 250 2476 det
266 2446 372 2477 incert.
388 2447 420 2477 A
439 2458 446 2477 ;
471 2447 514 2478 do
529 2446 563 2477 P
654 2453 690 2478 ut
707 2449 794 2480 scias
815 2459 923 2481 meam
940 2449 974 2480 P

1315 2503 1376 2535 23*
