1747 2740
34 524 104 561 350

33 849 98 887 355

30 1237 101 1282 360

30 1969 99 2005 370

701 136 879 176 PERSA
1376 134 1490 172 HM

230 265 322 291 nam
344 252 394 291 ad
415 256 685 302 paupertatem
708 248 738 286 si
760 247 981 298 admigrant
1001 247 1197 293 infamiae,

228 317 383 368 grauior
403 322 611 368 paupertas
632 315 685 361 fit,
709 315 808 353 fides
829 312 1049 352 sublestior.
1479 326 1520 348 20

230 385 321 422 SAT.
345 381 449 421 enim
472 395 567 420 uero
587 380 727 419 odiosa
746 393 799 418 es.
841 381 905 416 V1.
930 392 1010 417 non
1032 392 1119 417 sum
1136 391 1267 428 neque
1289 391 1352 415 me
1373 389 1459 414 esse

1281 442 1456 488 arbitror,

229 526 352 564 quom
374 526 496 563 parua
516 518 611 549 natu
632 517 738 548 recte
758 508 959 560 praecipio
983 508 1094 560 patri.

229 592 322 617 nam
343 576 493 616 inimici
514 578 661 615 famam
682 589 763 614 non
785 574 839 612 ita
858 582 901 612 ut
922 581 1050 612 natast
1071 575 1210 612 ferunt.

228 645 320 682 SAT.
353 644 478 682 ferant
498 649 671 692 eantque
692 653 917 678 maxumam
940 640 1083 677 malam
1106 652 1262 678 crucem
1281 652 1292 686 ;

228 723 309 748 non
329 722 404 759 ego
424 706 649 746 inimicitias
670 705 800 745 omnis
822 707 932 756 plure
952 704 1147 743 existumo
1481 716 1496 738 2
1503 717 1519 749 5

228 788 348 824 quam
370 787 507 812 mensa
526 771 656 811 inanis
677 785 783 809 nunc
804 770 835 808 si
857 777 1080 820 apponatur
1100 769 1207 808 mihi.

227 841 292 878 V1.
324 847 444 890 pater,
468 837 677 877 hominum
698 836 917 875 inmortalis
938 843 997 874 est
1018 835 1203 883 infamia;

228 904 347 944 etiam
369 912 452 943 tum
474 903 573 942 uiuit
594 916 717 953 quom
739 916 825 940 esse
846 902 983 940 credas
1005 909 1212 940 mortuam.

228 973 319 1010 SAT.
352 970 478 1021 quid?
512 968 655 1007 metuis
687 982 737 1006 ne
770 975 808 1006 te
838 968 1011 1006 uendam
1028 968 1045 1005 Ρ
1100 968 1166 1004 V1.
1198 980 1279 1005 non
1310 974 1456 1012 metuo,

1336 1039 1456 1082 pater.

227 1116 365 1142 uerum
386 1099 603 1139 insimulari
624 1101 728 1137 nolo.
789 1101 879 1137 SAT.
911 1106 952 1137 at
972 1097 1215 1148 nequiquam
1236 1097 1359 1136 neuis.
1477 1105 1520 1137 30

227 1182 319 1208 meo
338 1169 462 1207 modo
481 1166 583 1205 istuc
602 1165 736 1216 potius
755 1166 823 1203 fiet
843 1178 963 1215 quam
986 1172 1065 1202 tuo.

226 1237 291 1274 V1.
323 1235 400 1273 fiat.
461 1234 552 1271 SAT.
585 1245 688 1282 quae
719 1232 795 1270 hae
833 1244 894 1269 res
933 1231 1058 1269 sunt?
1114 1231 1180 1268 Vl.
1215 1229 1344 1279 cogita
1382 1229 1459 1267 hoc

1125 1295 1302 1341 uerbum,
1324 1302 1458 1344 pater:

227 1366 305 1404 eru’
326 1364 357 1403 si
379 1362 551 1402 minatus
572 1370 631 1401 est
652 1363 801 1400 malum
823 1375 940 1400 seruo
959 1375 1044 1407 suo,

226 1438 306 1469 tam
328 1429 399 1469 etsi
421 1429 461 1468 id
482 1431 658 1467 futurum
679 1441 761 1466 non
782 1435 852 1475 est,
876 1427 945 1466 ubi
966 1433 1165 1478 captumst
1186 1427 1362 1476 flagrum,

225 1497 322 1535 dum
344 1494 497 1533 tunicas
517 1493 641 1545 ponit,
665 1501 814 1544 quanta
833 1492 1016 1532 adficitur
1036 1491 1214 1530 miseria!
1475 1498 1515 1532 35

225 1576 299 1613 ego
319 1575 426 1600 nunc
447 1561 557 1611 quod
578 1574 660 1599 non
682 1561 895 1597 futurumst
917 1558 1088 1597 formido
1109 1565 1253 1596 tamen.

225 1629 316 1666 SAT.
350 1626 460 1676 uirgo
480 1634 600 1675 atque
622 1624 763 1664 mulier
788 1625 896 1662 nulla
916 1623 988 1662 erit
1009 1623 1105 1674 quin
1126 1623 1175 1662 sit
1196 1624 1308 1670 mala,

225 1706 327 1743 quae
348 1699 500 1742 praeter
520 1689 645 1741 sapiet
667 1703 787 1741 quam
809 1690 939 1740 placet
960 1688 1200 1740 parentibus.

224 1759 288 1796 Vr.
322 1757 432 1807 uirgo
453 1763 573 1807 atque
594 1755 734 1795 mulier
755 1757 862 1794 nulla
884 1755 956 1795 erit
981 1755 1076 1805 quin
1098 1754 1146 1793 sit
1167 1756 1281 1802 mala,

224 1837 325 1875 quae
346 1823 482 1862 reticet
503 1822 534 1860 si
555 1822 652 1873 quid
674 1822 755 1860 fieri
777 1836 963 1872 peruorse
985 1821 1105 1860 uidet.
1478 1833 1521 1865 40

225 1891 318 1928 SAT.
350 1890 455 1927 malo
476 1901 617 1926 cauere
640 1886 796 1925 meliust
818 1895 866 1926 te.
928 1889 992 1925 Vr.
1025 1894 1064 1925 at
1085 1886 1115 1926 si
1137 1900 1218 1925 non
1239 1886 1331 1926 licet

225 1968 375 2000 cauere,
400 1953 496 2004 quid
518 1954 664 2003 agam?
694 1966 786 1991 nam
808 1967 881 2004 ego
904 1952 973 1991 tibi
996 1960 1156 1991 cautum
1178 1953 1282 1991 uolo.

225 2022 316 2059 SAT.
337 2020 509 2058 malu’ne
526 2018 599 2069 ego
613 2020 731 2057 sum?
761 2020 825 2057 VI.
851 2033 931 2058 non
954 2033 994 2058 es
1017 2032 1147 2070 neque
1170 2032 1233 2057 me
1254 2018 1456 2069 dignumst

1311 2083 1452 2131 dicere,

161 2200 222 2229 347
248 2190 438 2228 immigrant
465 2187 531 2219 cod.
561 2188 651 2218 Festi
671 2199 733 2228 294
840 2199 915 2220 nam
943 2190 997 2220 ubi
1025 2190 1065 2220 ad
1091 2200 1120 2229 p.
1147 2189 1290 2221 accessit
1320 2188 1455 2219 infamia

117 2232 248 2263 Nonius
268 2244 339 2273 177,
356 2233 413 2263 vix
430 2236 506 2262 recle
627 2234 691 2271 348
716 2238 899 2272 paupertas
919 2234 1055 2271 grauior
1071 2233 1158 2264 codd.
1180 2233 1285 2263 Nonii
1392 2242 1457 2271 349

118 2287 170 2307 me
187 2287 253 2308 om.
272 2277 305 2307 A
400 2285 466 2314 350
488 2285 567 2314 qum
586 2275 618 2305 A
717 2286 781 2314 352
806 2276 875 2318 [in]
894 2287 980 2308 max.
1001 2277 1033 2307 P
1116 2286 1179 2316 353
1205 2277 1301 2315 plure
1316 2275 1461 2307 Charisii

122 2330 191 2358 109.
212 2331 249 2350 21
260 2330 270 2349 1
294 2320 356 2350 ltm-
373 2317 640 2358 1·r!!11l1'!Se)ffirl
655 2330 662 2349 ε
687 2319 796 2357 pluris
806 2319 896 2350 codd.
1000 2321 1141 2350 aestimo
1154 2320 1294 2360 Pylades
1390 2321 1455 2358 362

118 2364 296 2394 tamenetsi
316 2363 363 2394 P:
390 2363 558 2393 tamencsi
576 2362 713 2402 A,so›‘!.
736 2367 810 2392 recte
827 2364 861 2398 (i.
874 2374 898 2393 e.
917 2368 1026 2394 tamen
1045 2365 1088 2403 si)
1233 2364 1266 2394 id
1289 2363 1452 2404 futurum]

117 2417 219 2479 auru}
236 2407 279 2436 A*
302 2407 372 2447 (vix
388 2411 449 2446 [ιι-υ
471 2405 661 2446 habiturus)
752 2408 815 2445 367
841 2412 915 2438 erat
931 2406 964 2438 P
1058 2409 1124 2448 369
1148 2407 1290 2439 liceatA
1390 2417 1451 2446 371

118 2456 169 2480 est

163 2514 282 2534 PLAVT.
304 2514 327 2533 ιι
1327 2507 1364 2538 11
