1747 2740
160 125 207 163 V.
229 125 276 162 iv
648 128 694 165 T.
728 127 910 166 MACCI
943 127 1147 165 PLAVTI

286 238 360 274 Ao.
393 251 495 287 quae
529 239 618 276 res?
666 237 743 274 iam
778 236 846 275 diu
881 236 1023 286 e'depol
1055 236 1289 287 sapientiam
1324 245 1432 276 tuam
1466 238 1565 276 haec

1208 301 1370 353 quidem
1391 302 1562 340 abusast.

169 382 212 413 30
285 381 391 406 nunc
408 367 501 405 hine
518 367 631 418 sapit,
647 369 739 406 hinc
756 367 875 406 sentit
894 367 1091 417 quidquid
1111 367 1222 418 sapit,
1241 381 1288 406 ex
1308 381 1399 406 meo
1417 381 1562 406 amore.
1588 380 1677 406 1200

228 496 336 532 ΑΒΕ.
357 508 439 532 non
459 508 507 533 eo
527 493 670 544 genere
686 495 813 533 sumu'
834 503 1058 545 prognatae,
1075 503 1154 533 tarn
1176 495 1248 534 etsi
1269 497 1395 534 sumu'
1416 509 1563 542 seruae,

1443 575 1566 610 soror,

227 632 269 662 ut
285 626 425 663 deceat
438 639 510 663 nos
527 626 653 663 facere
667 624 879 676 quicquam
897 627 1007 676 quod
1023 627 1146 665 homo
1159 626 1369 677 quisquam
1384 626 1561 666 inrideat.

228 691 350 727 multa
372 697 462 728 sunt
484 690 692 727 mulierum
714 690 820 737 uitia,
844 691 914 729 sed
936 691 1013 729 hoc
1034 705 1055 729 e
1076 691 1209 729 multis
1230 699 1508 739 maxumumst‚

227 768 348 804 quom
376 754 451 794 sibi
478 754 586 792 nimi'
613 757 771 805 placent
800 755 1002 806 minu’que
1028 757 1183 795 addunt
1210 770 1372 807 operam
1401 756 1457 795 uti
1487 759 1565 808 pla-

634 832 637 835 *
1323 829 1439 860 ceant
1459 821 1562 860 uiris.

165 904 204 935 35
226 888 358 924 ANTE.
392 885 538 924 nimiae
559 887 790 936 uoluptatist
812 887 921 936 quod
942 885 982 924 in
1004 886 1101 925 extis
1122 886 1264 925 nostris
1285 894 1561 937 portentumst‚
1586 899 1672 935 1205

1442 965 1561 1000 soror,

225 1017 334 1067 quod
376 1017 571 1066 haruspex
609 1017 660 1055 de
705 1016 900 1055 ambabus
946 1016 1043 1055 dixit
1058 1041 1111 1045 —
1126 1019 1202 1055 Ac..
1252 1017 1372 1056 uelim
1411 1018 1462 1056 de
1501 1031 1565 1057 me

1206 1080 1391 1135 [ali]quid
1411 1082 1561 1122 dixerit.

223 1149 356 1185 ANTE.
390 1161 462 1186 nos
484 1149 564 1186 fore
586 1146 712 1186 inuito
733 1146 900 1186 domino
921 1155 1057 1185 nostro
1078 1147 1219 1187 diebus
1241 1147 1377 1197 paucis
1398 1147 1550 1187 liberas.

223 1212 263 1250 id
285 1226 368 1262 ego,
392 1212 466 1250 nisi
488 1212 585 1262 quid
602 1213 642 1251 di
663 1220 730 1250 aut
751 1212 933 1263 parentes
951 1212 1084 1259 faxint,
1103 1212 1171 1263 qui
1193 1226 1346 1263 sperem
1367 1214 1445 1252 hau
1467 1214 1559 1253 scio.

223 1279 298 1315 AG.
332 1291 419 1315 mea
440 1277 585 1316 fiducia
605 1278 736 1316 hercle
757 1279 961 1328 haruspex,
986 1285 1134 1327 patrue,
1158 1277 1218 1316 his
1240 1278 1429 1328 promisit,
1453 1279 1546 1326 scio,

163 1359 205 1391 40
223 1341 456 1389 libertatem,
481 1342 572 1393 quia
598 1357 660 1381 me
684 1357 816 1382 amare
844 1344 946 1381 hanc
974 1343 1057 1381 scit.
1109 1345 1215 1381 ΑΒΕ.
1247 1357 1365 1390 soror,
1399 1357 1562 1395 sequere
1585 1358 1675 1384 1210

1093 1410 1178 1447 hac.
1239 1411 1372 1447 ANTE.
1405 1423 1560 1460 sequor.

225 1475 306 1511 HA.
339 1473 435 1524 priu'
450 1488 569 1524 quam
584 1474 710 1522 abitis,
730 1489 802 1513 uos
819 1476 913 1513 uolo
926 1475 1074 1513 ambas.
1122 1474 1196 1513 nisi
1212 1474 1332 1525 piget,
1345 1475 1559 1514 consistite.

224 1543 326 1580 ΑΒΕ.
352 1541 439 1592 quis
460 1544 648 1580 reuocat?
697 1545 771 1581 AG.
804 1541 872 1592 qui
893 1543 996 1581 bene
1017 1543 1100 1581 uolt
1121 1541 1236 1580 uobis
1257 1543 1394 1580 faeere.
1452 1544 1558 1580 ΑΒΕ.

1206 1608 1333 1646 facere
1353 1606 1558 1646 occasiost.

222 1674 293 1712 sed
314 1672 401 1723 quis
427 1674 616 1712 homost?
674 1675 746 1712 Ac.
779 1673 954 1712 ameicus
980 1672 1129 1712 uobeis.
1190 1675 1294 1711 ΑΒΕ.
1327 1672 1559 1723 quiquidem

1168 1737 1352 1777 inimicus
1373 1751 1454 1776 non
1474 1737 1557 1776 siet.

224 1805 298 1842 AG.
332 1804 460 1842 bonus
489 1812 546 1843 est
574 1804 637 1843 hic
665 1806 798 1851 homo,
828 1818 915 1843 mea
950 1806 1143 1855 uoluptas.
1202 1806 1307 1842 ΑΒΕ.
1345 1805 1411 1854 pol
1442 1802 1559 1842 istum

1102 1869 1235 1908 malim
1257 1883 1376 1920 quam
1398 1871 1557 1908 malum.

160 1951 202 1983 45
224 1936 299 1972 Aa.
317 1934 538 1985 seiquidem
553 1935 761 1974 amicitiast
777 1935 972 1982 habenda,
989 1948 1080 1973 cum
1095 1936 1172 1974 hoc
1186 1935 1418 1974 habendast.
1450 1936 1555 1973 ΑΒΕ.
1582 1947 1667 1984 1215

1310 2001 1387 2038 hau
1408 2013 1555 2051 precor.

226 2067 299 2104 AG.
334 2067 456 2104 multa
489 2067 594 2105 bona
629 2068 712 2105 uolt
745 2065 883 2105 uobeis
916 2067 1052 2104 facere.
1131 2067 1234 2104 ΑΒΕ.
1269 2066 1388 2104 bonu’
1419 2065 1558 2104 boneis

1284 2131 1387 2169 bene
1407 2130 1554 2170 feceris.

271 2246 282 2266 1
292 2247 353 2275 199
366 2236 438 2278 [eo]
454 2237 576 2277 edepol
591 2237 623 2267 A
680 2236 830 2277 quidem]
844 2236 899 2275 qui
912 2245 1010 2275 quem
1025 2234 1055 2265 Ρ
1122 2245 1206 2266 1200
1218 2235 1291 2266 hice
1307 2236 1397 2274 (corr.
1411 2235 1456 2274 Β)
1467 2237 1557 2276 sapit

224 2280 301 2310 hinc
317 2279 365 2311 P:
393 2281 446 2310 hic
457 2281 545 2320 sapit
558 2281 612 2311 hic
625 2281 657 2311 A
757 2290 839 2320 1203
856 2279 1032 2310 mulierum
1048 2285 1124 2310 sunt
1137 2279 1249 2318 Bothe,
1260 2279 1395 2318 favente
1405 2280 1556 2310 allr'ttem-

223 2324 307 2353 tione
410 2334 491 2362 1204
516 2325 565 2354 vel
579 2329 613 2354 ut
633 2325 692 2363 (ita
709 2324 815 2358 codd.)
926 2324 1009 2353 1206
1032 2323 1122 2361 quod
1138 2322 1240 2354 Bothe
1256 2334 1263 2353 :
1286 2323 1445 2362 quodque
1461 2322 1552 2354 codd.

222 2368 277 2397 vix
287 2368 391 2398 ambis
451 2368 575 2407 aliquid
591 2367 624 2398 A
643 2372 684 2398 ’κη
703 2373 729 2397 Γ
748 2379 754 2398 ε
773 2367 897 2406 aliquid
912 2366 989 2405 quid
1006 2365 1037 2395 Ρ
1054 2366 1105 2405 iv.
1127 2368 1158 2396 tl
1255 2367 1336 2397 1208
1348 2366 1422 2407 qui]
1435 2367 1515 2406 quid
1527 2366 1562 2396 P

227 2420 305 2440 1211
327 2411 401 2441 nola
418 2410 450 2440 P
464 2416 500 2441 ut
516 2410 578 2441 vid.
678 2421 757 2441 1212
779 2410 852 2451 qni]
871 2410 945 2448 quis
963 2410 993 2438 A
1090 2420 1169 2448 1213
1186 2410 1268 2449 siet]
1286 2415 1338 2440 est
1352 2409 1384 2439 Ρ
1474 2419 1556 2449 ¹215

222 2465 323 2494 quom
338 2454 368 2483 P
387 2455 671 2495 μ(ιιιίιίμια,χ’ὸνυιιι)
747 2456 828 2486 1216
842 2455 938 2484 nobis
952 2453 1061 2483 facere
1076 2454 1145 2484 uult
1158 2453 1190 2483 P
1236 2453 1374 2493 boncis]
1389 2453 1507 2485 beneis
1519 2455 1552 2484 A
