1747 2740
607 117 955 156 TRINVMMVS
1376 115 1453 152 ΙΙΙ.
1475 114 1506 151 ii

37 243 102 281 715
124 231 183 270 sin
203 231 314 270 aliter
333 231 529 269 animatus
550 245 641 269 es—
650 230 751 268 bene
772 230 881 279 quod
901 241 992 278 agas
1014 226 1172 265 eueniat
1192 226 1274 273 tibi,

123 311 197 347 ego
227 297 378 335 amicus
411 309 629 346 numquam
671 294 742 334 tibi
777 307 843 333 ero
877 293 954 332 alio
988 300 1116 344 pacto.
1176 291 1232 330 sic
1264 291 1460 330 sententia
1480 302 1522 334 90

1333 365 1456 395 est.—

123 428 186 466 ST.
217 427 314 466 abiit
336 425 502 481 [hercle]
527 426 768 477 illequidem.
828 424 973 475 ecquid
992 423 1116 471 audis,
1137 422 1358 472 Lysiteles?
1387 437 1460 473 ego

1295 496 1334 527 te
1355 490 1460 527 uolo.

122 557 187 596 hic
221 571 382 608 quoque
416 558 510 596 hinc
542 557 647 596 abiit.
708 556 886 604 Stasime,
922 563 1043 595 restas
1075 556 1192 594 solus.
1253 554 1350 605 quid
1389 568 1463 604 ego

1207 633 1314 658 nunc
1335 633 1463 670 agam,

123 688 197 728 nisi
218 689 273 728 uti
295 689 488 728 sarcinam
510 689 776 740 constringam
797 696 836 728 et
856 689 1042 739 clupeum
1059 688 1109 726 ad
1125 688 1288 725 dorsum
1309 699 1463 724 accom-

1286 753 1460 798 modern,

37 834 106 870 720
124 822 335 860 fulmentas
356 820 515 860 iubeam
537 820 721 874 suppingi
742 821 891 859 socco?
920 833 1002 858 non
1023 817 1106 857 sisti
1126 824 1268 869 potest.

123 885 243 925 uideo
263 888 441 924 caculam
462 885 669 924 militarem
692 899 756 924 me
777 887 951 923 futurum
972 885 1050 922 hau
1071 883 1226 934 longius
1246 898 1253 921 :
1481 893 1522 924 95

122 959 161 990 at
181 951 354 1002 aliquem
375 952 427 990 ad
447 965 578 1001 regem
600 950 639 989 in
661 950 838 1001 saginam
859 952 937 989 eru'
959 954 1069 990 †sese
1090 948 1285 987 coniecit’r
1308 961 1432 995 meus,

121 1018 242 1056 credo
262 1018 314 1056 ad
335 1030 512 1055 summos
533 1017 741 1055 bellatores
761 1015 1159 1065 acrem—fugitorem
1181 1016 1263 1053 fore

122 1091 161 1122 et
174 1091 381 1134 capturum
398 1082 524 1133 spolia
540 1082 594 1121 ibi
611 1082 720 1120 illum
738 1081 954 1132 qui—meo
971 1095 1038 1119 ero
1051 1082 1244 1119 aduorsus
1258 1079 1421 1119 uenerit.

36 1157 103 1194 725
124 1155 282 1199 egomet
309 1155 443 1186 autem
472 1161 595 1198 quom
625 1148 825 1197 extemplo
852 1160 989 1184 arcum
1017 1144 1148 1198 [mihi]
1177 1153 1215 1184 et
1239 1147 1462 1196 pharetram

1004 1219 1043 1251 et
1062 1211 1221 1262 sagittas
1242 1224 1459 1261 sumpsero,

123 1279 317 1318 cassidem
339 1279 379 1318 in
399 1278 758 1330 caput—dormibo
780 1277 935 1329 placide
961 1276 965 1328 l
992 1277 1032 1315 in
1053 1277 1320 1315 tabernaculo.
1483 1289 1547 1311 100

121 1348 173 1385 ad
195 1349 321 1385 forum
343 1347 433 1385 ibo:
464 1347 600 1386 nudiu’
621 1341 752 1385 sextus
773 1345 869 1396 quoi
890 1347 1082 1383 talentum
1104 1352 1286 1382 mutuom

122 1411 227 1459 dedi,
246 1426 461 1462 reposcam,
486 1419 529 1450 ut
547 1412 717 1450 habeam
735 1425 893 1450 mecum
915 1411 1024 1461 quod
1046 1411 1167 1449 feram
1189 1408 1447 1448 uiaticum.—

358 1526 786 1562 MEGARONIDES
899 1524 1220 1562 CALLICLES
1482 1519 1527 1556 iii

180 1607 264 1644 ME.
296 1608 350 1644 Vt
370 1606 467 1644 mihi
487 1619 569 1644 rem
591 1619 734 1652 narras,
759 1604 954 1652 Callicles,
978 1606 1087 1643 nullo
1109 1605 1232 1643 modo

37 1682 106 1719 730
179 1679 309 1722 potest
329 1671 411 1709 fieri
432 1684 571 1721 prosus
592 1670 689 1721 quin
709 1672 782 1710 dos
804 1672 919 1709 detur
939 1669 1089 1720 uirgini.

178 1738 251 1776 CA.
284 1750 456 1787 namque
477 1738 607 1775 hercle
628 1737 795 1775 honeste
817 1735 897 1774 fieri
920 1737 1041 1774 ferme
1061 1748 1142 1773 non
1164 1742 1304 1784 potest,

177 1810 219 1840 ut
240 1816 326 1841 eam
348 1801 542 1853 perpetiar
562 1801 616 1840 ire
637 1801 676 1839 in
700 1800 995 1839 matrimonium

177 1868 261 1907 sine
282 1869 386 1915 dote,
405 1881 527 1918 quom
549 1867 631 1906 eius
652 1881 734 1906 rem
756 1880 878 1918 penes
900 1880 963 1906 me
984 1867 1154 1905 habeam
1175 1865 1296 1906 domi.
1481 1878 1500 1913 5

179 1935 261 1971 ME.
294 1941 427 1984 parata
447 1934 520 1972 dos
541 1932 712 1981 domist3
741 1932 815 1971 nisi
837 1939 1062 1982 exspectare
1082 1932 1152 1979 uis,

168 2047 230 2077 715
255 2037 391 2068 eueniat
408 2035 483 2068 Ital.
504 2048 511 2068 ε
536 2037 673 2068 eueniet
691 2036 755 2068 cod.
881 2038 944 2076 716
968 2036 1016 2067 sic
1033 2035 1107 2066 Ital.
1129 2046 1136 2065 :
1160 2036 1186 2065 si
1205 2034 1271 2065 cod.
1399 2045 1458 2075 717

124 2082 239 2113 hercle
257 2081 315 2111 del.
338 2081 525 2119 Fleckeisen,
543 2092 622 2111 nam
641 2092 741 2121 neque
760 2081 828 2111 abit
847 2080 981 2121 (praesffl
1000 2090 1100 2119 neque
1122 2079 1190 2109 abit
1209 2084 1273 2119 pro
1295 2079 1363 2110 abit
1380 2081 1462 2110 satis

119 2126 224 2167 placet
356 2135 419 2163 720
443 2125 586 2164 subponi
604 2124 693 2155 codd.
712 2124 817 2155 Nomi
831 2127 896 2156 206
914 2124 1098 2164 (neglegens
1113 2123 1258 2163 oratiot)
1363 2133 1461 2154 socco

123 2170 255 2210 scripsi:
272 2169 382 2199 socios
399 2168 487 2199 codd.
505 2180 512 2198 ε
529 2169 602 2199 foco
615 2168 709 2199 (ficol
727 2168 817 2199 codd.
828 2168 935 2198 Nonii
950 2180 956 2198 :
973 2168 1082 2198 soccis
1099 2166 1310 2197 Caum-mins
1400 2177 1459 2206 721

127 2213 241 2244 cacula
265 2212 330 2245 cod.
457 2222 518 2251 722
538 2212 592 2243 Ad
609 2212 642 2243 B
659 2213 692 2251 (i.
711 2223 734 2243 c.
752 2213 798 2243 At
810 2214 836 2244 Γ)
854 2224 860 2242 :
884 2212 953 2242 Aut
970 2211 1043 2242 ΡΟ)
1061 2212 1109 2249 (in
1127 2221 1154 2240 v.
1178 2221 1236 2249 721
1257 2215 1313 2241 aut
1330 2210 1463 2250 longius

123 2256 209 2294 cod.)
285 2257 338 2286 Ad
356 2256 396 2287 al.
419 2267 486 2295 reg,
505 2255 640 2286 Gm'etus
728 2266 806 2286 erus
824 2256 902 2286 Ital.
918 2267 925 2286 z
951 2264 1063 2285 merus
1077 2254 1142 2286 cod.
1237 2255 1264 2285 si
1282 2264 1319 2284 se
1335 2254 1464 2284 Parcus

126 2301 276 2331 coniexit
294 2300 418 2330 Ritscld
433 2312 439 2330 :
463 2301 608 2330 coniciet
623 2300 687 2330 Leo
771 2310 833 2339 724
859 2310 936 2330 meo
948 2298 1005 2330 del.
1021 2298 1134 2336 Bollze,
1148 2308 1230 2328 nam
1250 2298 1336 2328 elisio
1353 2299 1460 2337 m(eol

125 2344 266 2385 displicet
371 2354 433 2383 725
459 2354 582 2383 quome
610 2344 679 2374 cod.
769 2344 849 2374 mihi
875 2343 933 2373 del.
964 2342 1103 2373 Mueller
1206 2344 1268 2382 726
1294 2341 1462 2381 placidula

126 2387 252 2419 Ritsclzl
342 2398 404 2426 727
432 2389 579 2419 mundius
597 2387 660 2419 cod.
