1747 2740
170 140 246 178 III.
271 140 316 178 iii
698 142 745 178 T.
779 140 960 179 MACCI
992 141 1196 178 PLAVTI

267 251 371 288 ADV.
403 263 494 289 cum
517 250 606 289 illoc
628 258 665 289 te
687 249 843 289 meliust
864 257 971 288 tuam
993 263 1086 296 rem,
1109 250 1352 297 adulescens,
1374 249 1506 301 loqui:

267 314 344 354 illic
364 323 422 354 est
441 317 493 354 ad
514 316 606 354 istas
628 329 687 354 res
709 316 854 366 probus
876 329 973 365 quas
994 315 1199 365 quaeritas.
1618 320 1690 355 680

266 381 339 419 Co.
371 380 506 420 uidere
527 381 713 431 equidem
736 394 808 419 uos
829 381 972 419 uellem
993 394 1115 431 quom
1138 380 1229 419 huic
1249 394 1387 419 aurum
1408 381 1553 420 darem.

265 447 370 485 ADV.
403 445 509 485 illinc
530 447 667 496 procul
688 460 761 484 nos
782 445 882 484 istuc
905 445 1223 496 inspectabimus.

207 526 245 561 70
267 512 338 550 CO.
372 512 519 550 bonam
541 511 705 550 dedistis
728 511 822 549 mihi
845 525 1015 562 operam.
1077 513 1146 549 Lv.
1179 511 1207 549 it
1227 513 1278 550 ad
1301 524 1363 550 me
1384 513 1545 550 lucrum.

266 576 338 616 Co.
372 576 468 616 illud
490 576 652 627 quidem
674 590 862 627 quorsum
883 576 1016 615 asinus
1037 576 1167 615 caedit
1187 576 1371 615 calcibus.

265 642 334 679 Lv.
368 642 515 681 blande
536 642 742 681 hominem
765 642 1026 692 compellabo.
1087 642 1230 692 hospes
1252 640 1450 692 hospitem
1616 647 1683 694 685

263 708 414 745 salutat.
474 709 626 746 saluom
649 715 687 746 te
708 707 896 746 aduenire
917 708 1082 757 gaudeo.

265 772 337 811 CO.
371 774 494 811 multa
515 772 584 811 tibi
606 772 646 811 di
668 774 764 811 dent
786 773 901 819 bona,
925 786 1047 822 quom
1071 786 1132 811 me
1154 773 1305 810 saluom
1327 784 1412 811 esse
1432 771 1502 811 uis.

205 851 242 885 75
265 838 335 875 LY.
368 837 583 888 hospitium
606 846 644 876 te
663 837 773 876 aiunt
794 837 1020 888 quaeritare.
1081 840 1154 877 CO.
1187 837 1374 887 quaerito.

265 903 334 940 Lv.
368 902 421 940 ita
442 902 496 941 ilh'
517 903 700 942 dixerunt
722 903 812 953 quei
835 903 926 941 hinc
947 917 970 941 a
990 916 1053 941 me
1073 903 1254 941 abierunt
1275 904 1408 950 modo,

262 974 299 1006 te
320 968 537 1018 quaeritare
557 983 580 1007 a
601 968 785 1007 muschis.
847 969 919 1007 Co.
953 968 1115 1006 minime
1135 968 1322 1018 gentium.
1615 977 1686 1022 690

262 1034 331 1071 Lv.
368 1033 465 1085 quid
492 1033 574 1072 ita?
618 1035 689 1073 Co.
727 1033 819 1084 quia
842 1032 899 1086 (a)
926 1033 1070 1072 muscis
1097 1033 1127 1071 si
1157 1033 1209 1071 mi
1237 1033 1452 1084 hospitium
1481 1046 1597 1085 quae-

1458 1112 1595 1147 rerem,

260 1164 477 1203 adueniens
499 1165 592 1203 irem
617 1165 654 1203 in
677 1178 872 1204 carcerem
895 1173 999 1204 recta
1020 1165 1094 1203 uia.

199 1236 241 1267 80
261 1243 334 1280 ego
354 1230 395 1269 id
415 1244 562 1281 quaero
583 1231 798 1281 hospitium
821 1231 887 1269 ubi
908 1244 981 1280 ego
1002 1244 1112 1269 curer
1133 1230 1289 1269 mollius

260 1308 379 1345 quam
401 1296 480 1346 regi
500 1296 703 1334 Antiocho
729 1296 732 1346 Ι
760 1296 863 1334 oculi
884 1295 1006 1334 curari
1029 1297 1166 1334 solent.

261 1361 330 1399 ΙΝ.
363 1362 506 1412 edepol
526 1375 576 1399 ne
598 1361 667 1399 tibi
689 1361 798 1399 illum
819 1373 981 1411 possum
1004 1360 1186 1398 festiuom
1208 1361 1313 1407 dare,
1612 1370 1680 1414 695

260 1425 455 1476 siquidem
477 1434 590 1477 potes
612 1439 696 1464 esse
718 1433 755 1464 te
776 1425 855 1476 pati
878 1425 916 1462 in
939 1424 1071 1475 lepido
1092 1426 1192 1471 loco,

260 1491 299 1529 in
320 1493 424 1530 lecto
444 1492 574 1542 lepide
595 1499 715 1529 strato
736 1490 907 1541 lepidam
931 1490 1133 1529 mulierem

198 1565 238 1604 85
259 1559 510 1607 complexum
532 1564 783 1595 contrectare.
845 1556 916 1595 Co.
950 1557 991 1602 is,
1015 1557 1117 1602 leno,
1141 1555 1257 1594 uiam.

259 1623 329 1660 ΙΝ.
362 1622 430 1661 ubi
450 1630 491 1660 tu
514 1621 725 1668 Leucadio,
750 1620 909 1666 Lesbio,
930 1620 1090 1667 Thasio,
1114 1620 1229 1667 Chio,

257 1689 453 1726 uetustate
473 1687 567 1725 uino
588 1688 776 1726 edentulo
796 1694 965 1725 aetatem
987 1686 1128 1736 inriges
1143 1701 1153 1734 3
1609 1697 1681 1732 700

257 1753 310 1791 ibi
332 1767 405 1803 ego
425 1761 463 1791 te
484 1753 671 1803 repplebo
693 1765 818 1802 usque
839 1759 1084 1802 unguentum
1105 1750 1308 1800 geumafis,

258 1818 355 1868 quid
376 1820 498 1856 multa
519 1818 668 1857 uerba?
698 1817 850 1864 faciam,
873 1817 940 1855 ubi
962 1825 1002 1855 tu
1024 1816 1175 1863 laueris,

195 1900 240 1933 90
260 1884 312 1922 ibi
335 1891 375 1922 ut
396 1883 614 1922 balineator
635 1882 749 1921 faciat
773 1882 1082 1932 unguentariam.

258 1950 328 1987 sed
349 1951 446 1988 haec
467 1948 747 1987 latrocinantur
767 1961 868 1997 quae
888 1961 962 1996 ego
982 1947 1059 1985 dixi
1082 1946 1225 1986 onmia.

258 2016 331 2055 Co.
363 2014 459 2065 quid
480 2014 562 2053 ita?
592 2016 661 2052 LY.
694 2013 786 2064 quia
805 2026 943 2050 aurum
966 2021 1133 2062 poscunt
1155 2012 1473 2063 praesentarium.
1608 2025 1673 2061 705

300 2121 364 2159 679
387 2130 487 2159 quom
506 2118 539 2148 P
554 2118 848 2158 (antiquasormal
939 2127 1009 2147 rem
1028 2122 1119 2147 tuam
1139 2116 1273 2147 Guietus
1379 2118 1444 2147 682
1470 2117 1536 2147 illic
1554 2116 1587 2147 A

257 2166 323 2203 690
347 2164 469 2194 muscis
486 2162 572 2194 codd.
599 2163 650 2202 (cf.
673 2162 775 2192 class.
794 2160 872 2191 Rev.
896 2170 943 2193 ιο,
963 2163 1043 2198 333Ἲ
1145 2159 1220 2201 [ah]
1240 2161 1294 2191 mi.
1311 2160 1344 2190 A
1365 2161 1419 2200 (ex
1438 2171 1465 2191 v.
1485 2162 1546 2198 691
1562 2161 1587 2192 ³5

258 2209 319 2247 691
345 2218 364 2238 a
380 2206 454 2238 add.
472 2206 545 2237 Ital.
562 2206 612 2245 (Υ.
624 2205 671 2236 ad
680 2217 708 2236 v.
723 2206 801 2244 690)
892 2205 954 2241 692
981 2203 1077 2244 [huc]
1098 2203 1180 2234 irem
1195 2204 1227 2234 P
1311 2205 1375 2243 693
1400 2204 1545 2234 hostium
1558 2203 1590 2234 P

257 2254 322 2291 694
345 2261 444 2290 quam
461 2249 607 2292 (quom)
621 2249 747 2279 Sclzocll
832 2248 931 2278 ocelli
949 2246 1053 2280 Gor-ts..
1072 2247 1184 2278 Locum
1199 2247 1252 2287 (cſs
1268 2258 1298 2278 v.
1315 2248 1380 2286 366
1394 2247 1514 2278 oculus
1525 2253 1589 2288 pro

259 2294 424 2330 ocellus):
449 2294 558 2324 eculei
577 2291 715 2322 Mueller
732 2291 862 2325 (le'n.
888 2289 975 2321 Mus.
1005 2301 1055 2329 54,
1081 2294 1160 2330 5295
1178 2291 1250 2325 sort.
1279 2295 1375 2321 mee:
1410 2291 1508 2321 loculi
1530 2291 1590 2321 alii

263 2339 313 2377 (cf
335 2338 421 2368 Men.
442 2339 500 2376 691
522 2337 636 2366 oculos
650 2341 711 2376 pro
729 2335 868 2372 loculos)
968 2336 1032 2373 605
1058 2335 1137 2365 illud
1156 2334 1227 2365 Ital.
1337 2335 1402 2372 696
1426 2341 1458 2365 te
1475 2345 1540 2365 om.
1557 2333 1591 2364 P

258 2384 322 2420 697
349 2381 415 2421 [et]
435 2381 580 2419 lepidam
601 2379 632 2408 A
766 2379 831 2416 699
855 2378 940 2408 choo
959 2378 990 2407 Ρ
1116 2388 1173 2417 701
1200 2388 1264 2417 ego
1279 2388 1344 2408 om.
1364 2376 1398 2407 P
1483 2387 1586 2418 egeu-

261 2425 359 2456 matis
382 2424 415 2455 P
431 2425 524 2464 (lpro
541 2429 574 2453 te
593 2424 643 2462 g.)
659 2433 665 2452 :
691 2422 878 2452 cheumatis
895 2421 1018 2451 Rus-clu
1153 2431 1214 2462 702
1240 2422 1371 2452 laueres
1388 2422 1420 2454 A
