1747 2740
161 111 243 151 V.i
652 115 697 153 T.
732 114 912 155 MACCI
945 116 1149 154 PLAVTI

191 240 208 270 5
231 224 284 263 ita
305 225 444 264 omne's
469 228 662 273 mortales,
686 226 716 264 si
739 226 835 276 quid
857 234 915 265 est
937 226 1027 265 mali
1049 227 1195 274 lenoni,
1219 230 1404 278 gaudent.

232 304 337 329 nunc
371 293 532 330 alteram
564 291 669 330 illam
703 305 804 342 quae
837 305 925 331 mea
956 301 1015 331 est
1049 292 1175 331 uisam
1211 294 1290 332 huc
1329 294 1368 332 in
1404 295 1570 335 Veneris

1421 362 1568 408 fanum,

231 423 369 461 saltem
391 429 433 460 ut
454 437 540 461 eam
563 423 772 470 abducam,
797 424 847 462 de
863 423 980 462 bonis
1001 425 1110 474 quod
1132 432 1250 463 restat
1270 425 1535 476 reliquiarum.

179 529 208 566 ii
617 533 833 571 GRIPVS
946 534 1177 571 LABRAX

231 615 308 652 GR.
327 615 557 664 Numquam
573 615 714 663 edepol
733 613 853 652 hodie
866 615 917 653 ad
939 627 1149 665 uesperum
1168 614 1334 666 Gripum
1352 615 1569 668 inspicietis

1431 681 1566 721 uiuom

229 743 303 781 nisi
325 743 483 783 uidulus
506 743 601 781 mihi
624 743 810 782 redditur.
872 745 945 782 LA.
976 744 1073 795 perii
1094 758 1216 795 quom
1239 746 1485 785 mentionem

229 808 310 847 fieri
332 809 452 847 audio
473 822 641 859 usquam
662 809 787 847 uiduli
805 824 812 847 :
841 807 935 861 (est)
954 809 1067 860 quasi
1088 811 1179 861 palo
1199 819 1338 861 pectus
1359 813 1510 852 tundat.

231 876 308 912 GR.
341 874 427 913 istic
449 876 636 913 scelestus
658 874 756 913 liber
777 882 858 914 est:
890 888 963 925 ego
985 875 1053 925 qui
1074 875 1113 913 in
1135 876 1231 914 mari
1252 877 1445 927 prehendi

191 954 207 984 5
230 948 310 979 rete
331 948 450 991 atque
471 940 607 991 excepi
629 940 822 988 nidulum,
846 940 881 979 ei
902 940 1009 979 darei
1031 941 1181 992 negatis
1203 941 1429 993 quicquam.

230 1008 300 1044 LA.
333 1020 404 1057 pro
424 1006 464 1045 di
487 1006 714 1045 inmortales
732 1009 738 1044 1
769 1020 842 1045 suo
864 1006 959 1044 mihi
982 1006 1046 1045 hic
1067 1021 1251 1047 sermone
1271 1009 1412 1048 arrexit
1431 1010 1545 1049 auris.

229 1073 305 1110 GR.
339 1071 518 1110 cubitum
542 1073 672 1110 hercle
688 1071 816 1122 longis
832 1071 969 1111 litteris
987 1071 1153 1122 signabo
1170 1072 1247 1111 iam
1265 1087 1563 1127 usquequaque,

228 1135 258 1175 si
280 1136 367 1187 quis
389 1137 602 1187 perdiderit
625 1137 806 1176 nidulum
827 1151 917 1176 cum
940 1151 1036 1176 auro
1057 1145 1176 1188 atque
1196 1147 1359 1190 argento
1381 1143 1518 1190 multo,

227 1203 278 1241 ad
301 1202 467 1253 Gripum
489 1210 531 1241 ut
552 1202 696 1242 ueniat.
755 1217 836 1241 non
858 1203 987 1242 feretis
1008 1203 1142 1252 istum,
1163 1212 1205 1242 ut
1225 1206 1443 1255 postulatis.

169 1281 210 1304 10
230 1269 300 1306 LA.
334 1281 467 1306 meum
488 1269 619 1306 hercle
641 1267 718 1306 illic
740 1269 863 1307 homo
884 1268 1067 1307 uidulum
1089 1268 1161 1308 scit
1183 1271 1251 1320 qui
1275 1270 1408 1320 habet,
1429 1279 1471 1310 ut
1491 1286 1565 1323 ego

1410 1336 1562 1387 opinor.

224 1400 434 1438 adeundus
457 1399 551 1437 mihi
575 1398 652 1437 illic
673 1407 730 1438 est
752 1400 885 1438 homo.
945 1399 998 1444 di,
1023 1413 1183 1450 quaeso,
1207 1401 1428 1441 subuenite.

225 1467 303 1503 GR.
336 1466 433 1516 quid
473 1479 536 1504 me
572 1465 672 1503 intro
708 1467 900 1504 reuocas?
943 1467 1020 1505 hoc
1055 1468 1149 1505 uolo
1184 1466 1248 1505 hic
1287 1475 1379 1506 ante
1417 1467 1562 1507 ostium

1351 1540 1560 1584 extergere.

225 1610 317 1635 nam
340 1598 415 1635 hoc
437 1596 600 1647 quidem
623 1598 688 1647 pol
711 1611 731 1636 e
754 1596 942 1647 robigine,
967 1610 1046 1636 non
1070 1605 1129 1636 est
1150 1611 1171 1636 e
1193 1599 1294 1637 ferro
1315 1599 1474 1646 factum,

225 1662 279 1701 ita
299 1671 449 1712 quanto
471 1661 593 1712 magis
615 1670 795 1712 extergeo
817 1662 990 1710 rutilum,
1013 1670 1134 1713 atque
1155 1662 1313 1702 tenuius
1335 1664 1387 1702 fit.

166 1739 204 1772 15
225 1741 317 1766 nam
339 1727 502 1778 quidem
523 1728 600 1766 hoc
622 1735 901 1766 uenenatumst
923 1730 1061 1767 uerum
1079 1744 1085 1768 :
1126 1728 1179 1767 ita
1206 1728 1246 1767 in
1268 1729 1452 1768 manibus
1473 1742 1564 1768 con-

1380 1795 1560 1834 senescit.

225 1860 296 1897 LA.
328 1860 573 1905 adulescens,
598 1860 716 1897 salue.
770 1860 846 1898 GR.
880 1859 921 1899 di
943 1868 980 1899 te
1000 1869 1135 1899 ament
1157 1874 1247 1899 cum
1270 1860 1400 1900 inraso
1421 1860 1560 1912 capite.

1270 1928 1340 1965 LA.
1374 1926 1470 1977 quid
1492 1927 1564 1965 fit?

225 1993 303 2031 GR.
336 2004 473 2029 uerum
495 1998 723 2041 extergetur.
786 1991 857 2029 LA.
890 1999 932 2029 ut
954 1992 1091 2031 uales?
1140 1993 1218 2030 GR.
1251 1991 1348 2042 quid
1366 1994 1437 2031 tu?
1466 2005 1562 2030 num

1095 2056 1285 2104 medicus,
1309 2070 1468 2107 quaeso,
1491 2058 1563 2096 es?

275 2171 357 2200 1290
381 2167 431 2192 est
455 2162 569 2193 addidi
688 2161 783 2201 palus
816 2166 935 2202 pectus
967 2162 1079 2192 tundit
1108 2161 1254 2202 Ussing:
1292 2161 1449 2192 lacunam
1472 2162 1559 2203 sign.

222 2203 359 2245 Sejffvs
375 2206 454 2244 (scil.
477 2209 484 2223 ¹
497 2217 551 2236 cor
566 2211 636 2236 tam
652 2206 853 2236 vehementer
865 2205 942 2235 sali!
954 2204 975 2232 ’Ὗ
1105 2215 1187 2245 1292
1211 2206 1291 2236 dare
1308 2205 1382 2236 Ital.
1478 2207 1562 2245 1296

223 2250 379 2288 agripum
405 2249 471 2280 cod.
502 2252 578 2290 (pro
604 2259 716 2288 aggr-.
743 2250 799 2281 1'.e.
828 2250 870 2279 ad
897 2249 978 2282 Gru:
1020 2249 1038 2280 i.
1068 2251 1104 2288 45
1268 2259 1348 2288 1297
1383 2248 1433 2280 vel
1454 2250 1561 2289 opino

229 2303 312 2331 1300
337 2304 403 2324 non
422 2294 518 2323 esero
544 2294 667 2324 sactum
694 2299 745 2323 est
770 2293 858 2324 cod.:
885 2294 956 2324 trm'.
985 2293 1088 2323 Bothe
1225 2303 1304 2332 1301
1331 2293 1447 2333 quanti
1470 2293 1558 2326 cod.:

223 2348 301 2368 corr.
326 2337 408 2367 Pius
496 2337 547 2368 vel
560 2337 604 2367 sic
620 2337 782 2375 distingne
798 2342 973 2375 exterget),
992 2337 1128 2367 rutilum
1146 2342 1247 2376 atque
1263 2342 1286 2368 t.
1305 2337 1324 2368 f.
1479 2347 1559 2376 1302

225 2391 300 2411 nam
319 2381 382 2411 hoc
401 2382 487 2411 idem
511 2381 575 2411 13²:
603 2391 678 2410 nam
702 2381 764 2410 hoc
786 2381 921 2419 quidem
945 2379 1066 2413 Bothe:
1092 2391 1171 2411 num
1192 2381 1272 2420 quid
1297 2381 1360 2411 hoc
1380 2379 1557 2418 Francken,

215 2425 296 2464 soff.
312 2429 385 2455 recte
524 2434 603 2464 1304
631 2426 690 2455 LA.
712 2430 747 2455 ut
766 2423 838 2455 Ital.
856 2435 861 2453 :
887 2430 943 2455 aut
967 2424 1031 2455 cod.

1595 233 1679 278 1285

1588 1155 1674 1192 1295

1587 1611 1676 1647 1300
