1747 2740
125 131 195 171 IV.
216 131 263 171 iii
637 132 683 171 T.
717 132 899 173 MACCI
931 131 1137 171 PLAVTI

215 256 297 281 non
331 242 438 281 enim
469 250 510 281 tu
541 242 605 280 hic
635 241 798 293 quidem
829 241 1045 292 occupabis
1076 241 1206 280 onmis
1236 250 1424 292 quaestus
1455 256 1558 293 quos

1420 310 1556 347 uoles:

216 382 254 413 et
276 375 443 414 uitorem
464 382 502 413 et
523 375 759 425 piscatorem
781 382 820 413 te
840 388 937 421 esse,
961 373 1111 424 inpure,
1134 375 1322 423 postulas.
1574 383 1646 418 990

216 442 279 479 uel
301 449 338 479 te
360 440 456 478 mihi
478 448 696 479 monstrare
717 447 872 491 oportet
893 438 1012 489 piscis
1033 438 1100 489 qui
1122 438 1171 477 sit
1191 438 1362 486 uidulus,

153 509 197 542 60
216 507 279 545 uel
301 507 410 557 quod
440 506 480 544 in
506 505 602 544 mari
629 520 711 545 non
738 514 876 544 natum
906 513 965 544 est
989 519 1119 555 neque
1146 505 1267 543 habet
1294 518 1479 555 squamas
1506 519 1557 544 ne

1445 571 1559 608 feras.

216 640 293 677 GR.
317 637 425 688 quid,
443 644 484 676 tu
501 651 722 688 numquam
735 636 881 676 audisti
898 650 984 675 esse
1000 636 1170 675 antehac
1186 634 1369 674 uidulurn
1384 634 1560 685 piscem?

1306 701 1383 738 TR.
1416 702 1556 747 scelus,

214 771 344 808 nullus
366 777 434 809 est.
496 771 573 809 GR.
606 769 730 808 immo
757 776 816 808 est
843 769 1022 820 profecto
1037 782 1047 816 3
1077 780 1151 818 ego
1182 766 1249 817 qui
1278 780 1365 805 sum
1386 765 1558 816 piscator

1449 831 1533 871 scio
1547 846 1557 880 ;

215 915 353 940 uerum
374 916 456 941 rare
478 900 639 952 capitur,
663 902 795 940 nullus
816 900 938 939 minu'
959 913 1078 950 saepe
1098 900 1150 938 ad
1172 906 1312 937 terram
1334 897 1455 937 uenit.
1576 903 1643 941 995

215 969 291 1006 TR.
324 967 378 1005 nil
399 967 492 1018 agis,
516 968 609 1006 dare
631 967 752 1005 uerba
773 979 906 1016 speras
927 964 1025 1003 mihi
1046 972 1084 1003 te
1106 978 1234 1015 posse,
1259 963 1426 1002 furcifer.

152 1036 193 1077 65
216 1035 293 1072 GR.
327 1046 407 1084 quo
429 1035 560 1072 colore
582 1041 651 1080 est,
674 1034 751 1071 hoc
772 1033 905 1071 colore
925 1030 1135 1081 capiuntur
1156 1029 1360 1081 pauxilluli
1375 1044 1385 1077 3

215 1107 306 1137 sunt
326 1099 391 1137 alii
412 1098 583 1150 puniceo
604 1098 723 1146 corio,
747 1097 879 1148 magni
900 1097 995 1136 item
1011 1111 1021 1145 5
1049 1104 1170 1146 atque
1190 1095 1272 1134 atri.
1332 1097 1408 1133 TR.
1442 1094 1536 1134 scio.

215 1172 256 1203 tu
277 1166 419 1212 hercle,
443 1164 575 1215 opino,
599 1163 639 1202 in
660 1164 842 1203 uidulum
864 1171 902 1201 te
923 1162 983 1201 bis
1005 1168 1227 1207 conuortes‚
1251 1160 1326 1199 nisi
1347 1173 1488 1200 caues:

214 1231 281 1269 fiet
301 1229 372 1268 tibi
392 1229 608 1280 puniceum
630 1228 791 1276 corium,
816 1235 955 1278 postea
975 1235 1103 1266 atrum
1125 1227 1274 1265 denuo.
1579 1238 1670 1264 1000

215 1297 291 1335 GR.
325 1297 435 1347 quod
465 1297 592 1334 scelus
624 1294 744 1334 hodie
779 1295 856 1333 hoc
890 1292 1050 1332 inueni!
1118 1294 1193 1331 TR.
1226 1291 1348 1331 uerba
1378 1291 1556 1340 facimus,

1409 1357 1438 1396 it
1458 1357 1554 1397 dies.

155 1441 194 1475 70
214 1429 306 1468 uide
327 1428 378 1468 sis
399 1428 556 1480 quoiius
577 1427 765 1467 arbitratu
787 1441 860 1466 nos
882 1426 941 1465 uis
963 1427 1100 1465 facere.
1163 1427 1239 1464 GR.
1272 1423 1398 1463 uiduli

212 1493 411 1533 arbitratu.
461 1494 556 1545 (ΤΒ.
580 1493 715 1532 itane?
760 1492 858 1545 GR.)
879 1492 932 1531 ita
953 1492 1061 1531 enim
1082 1505 1188 1530 uero.
1236 1493 1312 1529 TR.
1337 1492 1479 1530 stultus
1501 1504 1554 1530 es.

1142 1558 1219 1595 GR.
1253 1557 1371 1602 salue,
1395 1557 1554 1595 Thales.

213 1626 289 1663 TR.
323 1632 364 1663 tu
397 1625 525 1663 istunc
558 1623 679 1663 hodie
713 1637 794 1663 non
830 1624 951 1670 seress
978 1621 1052 1660 nisi
1091 1623 1162 1661 das
1201 1629 1449 1672 sequestrum
1488 1629 1556 1660 aut

1363 1686 1554 1725 arbitrum

214 1755 371 1807 quoiius
392 1756 490 1794 haec
512 1768 571 1793 res
591 1754 780 1793 arbitratu
802 1755 879 1792 fiat.
942 1755 1018 1793 GR.
1052 1766 1212 1804 quaeso,
1236 1766 1362 1792 sanun
1384 1754 1456 1792 es?
1579 1763 1665 1801 1005

214 1824 290 1860 TR.
323 1821 568 1861 elleborosus
607 1834 705 1859 sum.
778 1821 854 1859 GR.
890 1817 961 1872 [at]
1002 1832 1076 1869 ego
1114 1818 1290 1866 cerritus,
1328 1819 1436 1857 hunc
1474 1832 1556 1858 non

1208 1883 1387 1922 amittam
1409 1891 1553 1923 tamen.

157 1959 195 1994 75
216 1954 292 1991 TR.
325 1952 492 1992 uerbum
523 1951 642 1991 etiam
675 1951 779 1990 adde
814 1964 950 1997 unum,
983 1949 1061 1988 iam
1093 1949 1134 1988 in
1168 1950 1330 1988 cerebro
1365 1950 1555 2000 colaphos

1211 2015 1440 2065 apstrudam
1462 2022 1531 2054 tuo
1547 2029 1556 2062 3

257 2133 322 2163 993
346 2122 401 2162 qui
419 2127 455 2154 tu
472 2121 538 2153 cod.
556 2122 629 2163 <pro
645 2121 718 2160 quit
736 2120 787 2155 tu}
898 2129 962 2160 995
989 2130 1106 2150 uerum
1125 2129 1199 2150 rare
1216 2118 1387 2150 Charisius
1401 2128 1464 2158 217
1483 2119 1559 2159 (qui

215 2167 480 2206 leslaltu·rare};
505 2176 589 2197 uero
614 2176 692 2195 raro
716 2164 782 2195 cod.
931 2175 994 2203 997
1019 2174 1086 2202 quo
1111 2173 1138 2194 e.
1167 2164 1241 2194 est?
1272 2161 1479 2194 Trachaliom'
1497 2162 1557 2192 dat

215 2210 282 2242 cod.
435 2220 502 2250 999
525 2210 649 2250 opinor
665 2208 730 2239 cod.
842 2207 899 2238 vix
914 2208 1039 2238 nidlum
1153 2207 1202 2238 bis
1219 2207 1306 2237 Lro:
1331 2207 1457 2246 piscem
1480 2205 1547 2237 cod.

218 2264 302 2285 1002
328 2253 441 2285 faeere
459 2254 511 2285 uis
528 2253 592 2284 cod.
612 2264 618 2284 :
644 2253 718 2282 [ναί.
741 2250 900 2282 Gruterus
990 2251 1102 2282 facere
1119 2261 1182 2281 nos
1200 2251 1250 2281 uis
1267 2249 1352 2281 Βνιζι·
1468 2259 1551 2289 1003

214 2298 278 2330 ΤΒ.
310 2298 425 2328 itane?
450 2297 516 2328 Gn.
543 2296 619 2327 add.
642 2295 779 2336 Seyffirt
926 2305 1008 2333 1005
1033 2294 1148 2325 accedi!
1172 2294 1231 2332 A;
1264 2304 1365 2334 usque·
1395 2292 1442 2323 ad
1471 2302 1552 2324 1010

212 2343 414 2382 paucissima
428 2342 595 2381 leguntur,
613 2350 669 2371 101
680 2350 763 2371 1-20
775 2338 878 2379 paulo
890 2339 992 2379 plura
1074 2348 1156 2377 1005
1173 2349 1237 2368 —e
1253 2348 1289 2376 es
1306 2338 1340 2376 (i.
1356 2348 1380 2368 c.
1401 2347 1550 2367 sanusne

215 2387 289 2423 θεῖ)
308 2385 339 2414 Λ
357 2399 364 2416 ·.
388 2395 492 2416 sanus
514 2394 552 2415 cs
571 2384 605 2414 P
738 2383 822 2414 1006
845 2388 877 2413 at
894 2381 953 2413 del.
974 2381 1110 2412 Gm'etns
1127 2381 1176 2421 (A
1194 2393 1227 2413 η.
1246 2382 1285 2420 Ι.)
1402 2381 1457 2411 vix
1472 2380 1551 2411 elle-

216 2428 372 2459 borosu‘s
390 2432 502 2469 ‹ss-sus).
552 2427 621 2459 GR.
648 2438 687 2459 ac
705 2427 849 2458 cerritus
939 2426 1086 2466 emittgm
1103 2425 1137 2456 A
1238 2435 1318 2465 1007
1343 2425 1431 2455 adde
1448 2424 1549 2455 etiam

215 2473 301 2514 ΡΠ),
320 2473 352 2502 A
371 2484 403 2503 n.
422 2473 442 2503 l.
