1747 2740
602 128 953 168 TRINVMMVS
1391 128 1444 166 II.
1466 128 1496 166 1i

115 257 253 283 uerum
281 258 355 295 ego
383 245 545 294 quando
573 251 611 282 te
638 251 677 282 et
703 242 917 282 amicitiam
950 250 987 281 ct
1012 242 1174 293 gratiam
1208 242 1245 279 in
1275 250 1448 280 nostram

1283 308 1448 346 domum

112 373 232 414 uideo
251 375 432 422 adlicere,
456 373 528 413 etsi
549 375 784 414 aduorsatus
806 373 875 412 tibi
899 372 967 421 fui,
988 373 1084 412 istac
1105 372 1237 412 iudico
1255 388 1261 410 ;

112 438 183 478 tibi
204 439 406 490 permitt03
437 453 568 490 posce,
585 441 698 478 duce.
760 441 830 477 ΙΝ.
854 438 894 477 di
916 447 953 477 te
975 438 1186 477 seruassint
1209 438 1304 476 mihi
1322 441 1328 476 1

24 508 90 553 385
113 505 182 542 sed
202 505 306 543 adde
326 505 378 544 ad
399 503 514 542 istam
543 503 707 554 gratiam
739 517 874 542 unum.
951 505 1025 541 ΡΗ.
1058 503 1154 553 quid
1176 502 1215 541 id
1237 511 1294 541 est
1315 511 1447 541 autem

958 570 1112 607 unum?
1170 569 1239 605 Lv.
1273 569 1444 617 eloquar.

112 641 195 673 tute
214 635 266 673 ad
287 648 378 673 eum
400 635 532 683 adeas,
549 643 632 673 tute
654 634 853 682 concilies,
873 641 955 673 tute
977 647 1127 684 poscas.
1189 635 1264 671 PH.
1288 647 1422 672 eccere
1440 636 1446 671 1
1472 651 1529 683 105

112 701 181 737 Lv.
215 699 339 738 nimio
356 699 470 739 citius
487 700 676 751 transiges
696 716 702 738 :
735 701 889 738 firmum
905 713 1024 738 omne
1041 699 1111 737 erit
1128 700 1237 749 quod
1254 706 1294 736 tu
1312 698 1445 749 egeriS.

109 764 265 814 grauius
286 772 397 803 tuom
418 765 491 804 erit
510 779 634 803 unum
662 765 828 804 uerbum
849 765 900 803 ad
930 778 1017 802 eam
1045 777 1125 802 rem
1148 777 1266 813 quam
1288 771 1449 802 centum

1348 842 1446 868 mea.

111 898 186 934 PH.
219 909 312 935 ecce
334 903 467 935 autem
490 896 529 934 in
552 896 794 947 benignitate
816 897 893 934 hoc
915 895 1078 946 repperi,
1103 895 1305 946 negotium
1323 898 1329 932 1

23 971 92 1007 390
110 960 267 1000 dabitur
284 975 413 1012 opera.
453 963 524 1000 Lv.
542 961 696 1012 lepidus
714 961 826 1000 uiuis.
861 963 958 999 haec
977 969 1066 999 sunt
1080 962 1210 1007 aedes,
1227 960 1290 998 hic
1304 960 1424 999 habet
1440 974 1448 1007 ;

111 1026 337 1066 Lesbonico
367 1034 425 1065 est
456 1040 614 1065 nomen.
673 1040 756 1077 age,
793 1040 875 1065 rem
903 1040 1006 1065 cura.
1066 1039 1138 1076 ego
1173 1033 1211 1064 te
1245 1025 1448 1076 opperiam
1471 1038 1531 1060 110

1270 1090 1448 1129 domi.—

668 1148 699 1185 P
714 1158 742 1184 H
758 1159 769 1184 1
786 1158 808 1184 L
822 1158 846 1184 T
860 1158 885 1184 o
1467 1144 1513 1181 iii

166 1224 258 1262 Non
280 1230 444 1274 optuma
465 1224 562 1262 haec
584 1230 674 1261 sunt
695 1236 825 1273 neque
847 1230 889 1261 ut
910 1236 983 1273 ego
1004 1236 1175 1273 aequom
1193 1235 1362 1270 censeo3

166 1303 302 1328 uerum
326 1289 487 1328 meliora
508 1296 599 1327 sunt
619 1302 739 1338 quam
761 1302 863 1338 quae
885 1289 1118 1327 deterruma.

166 1356 236 1394 sed
257 1356 333 1393 hoc
354 1357 477 1393 tinum
498 1354 725 1393 consolatur
746 1353 808 1392 me
828 1362 947 1404 atque
968 1353 1145 1392 animum
1168 1366 1312 1401 meum,

24 1435 90 1472 395
167 1421 259 1472 quia
279 1420 346 1471 qui
367 1420 465 1459 nihil
485 1420 592 1458 aliud
613 1419 687 1458 nisi
708 1421 818 1470 quod
839 1419 913 1458 sibi
935 1419 1006 1458 soli
1028 1421 1156 1470 placet

165 1486 334 1526 consulit
354 1487 569 1525 aduorsum
591 1485 729 1533 filium,
750 1499 873 1536 nugas
893 1485 971 1535 agit
989 1500 995 1522 z
1467 1500 1487 1533 5

164 1552 281 1591 miser
301 1566 347 1591 ex
366 1551 502 1590 animo
523 1552 579 1599 fit,
602 1550 741 1589 factius
764 1550 887 1589 nihilo
908 1550 1011 1589 facit.

163 1631 257 1656 suae
277 1616 470 1656 senecttiti
491 1616 522 1654 is
544 1615 734 1655 acriorem
758 1615 929 1654 hiemem
951 1623 1071 1665 parat,

164 1696 286 1734 quom
308 1682 413 1721 illam
434 1682 687 1733 inportunam
710 1688 984 1732 tempestatem
1007 1680 1173 1719 conciet.

21 1761 92 1794 400
165 1749 234 1787 sed
255 1747 482 1798 aperiuntur
501 1749 620 1786 aedes
641 1760 722 1798 quo
744 1746 851 1785 ibam
869 1762 875 1784 :
906 1747 1164 1785 commodum

164 1813 248 1864 ipse
268 1813 345 1852 exit
368 1812 613 1852 Lesbonicus
635 1826 726 1852 cum
749 1826 864 1851 seruo
885 1813 998 1850 foras.
1469 1826 1507 1848 10

230 1929 587 1965 LESBoN1cvs
699 1927 978 1964 STAsnuvs
1109 1925 1324 1961 PHILTo
1465 1922 1512 1959 iv

163 2013 235 2050 LE.
269 2010 396 2049 Minu’
418 2008 646 2060 quindecim
669 2008 753 2047 dies
775 2015 866 2046 sunt
888 2020 1009 2057 quom
1033 2019 1103 2057 pro
1124 2005 1232 2044 hisce
1252 2004 1418 2044 aedibus

163 2076 290 2114 minas
311 2074 569 2126 quadraginta
590 2072 777 2124 accepisti
799 2087 822 2111 a
845 2072 1017 2112 Callicle.

153 2183 216 2221 383
241 2181 316 2212 adn.
338 2180 398 2221 [si]
418 2180 477 2211 tibi
495 2179 526 2210 P
542 2179 597 2215 (iv.
618 2179 653 2219 3)
788 2179 851 2218 385
876 2178 916 2208 ad
943 2177 1039 2208 istam
1063 2177 1149 2207 adde
1172 2175 1261 2210 Reiz,
1284 2187 1366 2207 uam
1383 2177 1443 2208 sed

110 2227 196 2257 adde
219 2225 360 2266 displicet
461 2223 492 2253 id
510 2234 575 2253 om.
592 2224 624 2253 A
760 2223 824 2261 386
847 2221 897 2252 vel
911 2222 972 2252 tut*
992 2231 1086 2251 conc.
1222 2222 1284 2260 387
1310 2231 1443 2251 omnem

110 2270 142 2301 P
270 2269 334 2308 388
350 2268 414 2298 erit
432 2273 525 2298 tuum
543 2267 576 2298 P
704 2275 764 2305 391
786 2275 900 2296 curam
914 2266 945 2294 A
1097 2274 1159 2303 394
1188 2265 1251 2294 hoc
1270 2276 1323 2294 me
1342 2275 1443 2294 unum

109 2313 305 2344 consolatur·
322 2313 353 2342 A
370 2323 376 2342 t
396 2312 456 2341 lroc
474 2322 576 2341 unum
595 2310 810 2341 consulatum
836 2320 889 2339 me
914 2307 947 2338 P
1040 2309 1105 2347 398
1131 2309 1157 2338 is
1174 2318 1239 2338 om.
1254 2309 1285 2337 A
1379 2319 1445 2347 400

109 2358 284 2388 commode
309 2356 341 2386 Ρ
435 2366 499 2393 402
523 2365 622 2394 quam
639 2354 672 2384 A

153 2421 272 2444 PLAVT.
290 2420 316 2442 11
1314 2406 1357 2437 29
