1747 2740
651 129 974 172 PSEVDOLVS
1448 128 1477 167 1.
1499 128 1545 166 iii

148 245 354 294 uictumas,
377 247 512 293 lanios,
536 254 578 284 ut
599 260 672 296 ego
692 245 783 283 huic
805 245 1034 283 sacruficem
1056 257 1213 281 summo
1237 243 1348 291 Ioui3

149 326 241 350 nam
262 313 326 351 hic
347 312 442 350 mihi
464 325 569 349 nunc
586 319 643 349 est
666 312 791 349 multo
807 310 937 360 potior
959 309 1138 359 Iuppiter
1153 323 1271 359 quam
1292 308 1478 358 Iuppiter.

153 379 223 415 BA.
256 379 349 416 nolo
370 376 563 415 uictumas
581 391 586 414 :
616 375 769 425 agninis
791 389 854 413 me
875 374 972 413 extis
994 374 1138 425 placari
1159 375 1262 412 uolo.

65 456 132 490 330
152 444 267 482 CALJ.
300 455 474 492 propera,
499 440 595 490 quid
616 442 724 478 stas?
764 441 774 478 ἰ
794 453 951 478 accerse
970 453 1104 489 agnos.
1164 439 1286 478 audin
1307 439 1402 488 quid
1430 438 1483 476 ait

1278 503 1455 554 Iuppiter
1468 505 1484 541 ?

150 575 212 611 Ps.
245 572 323 610 iam
344 571 408 610 hic
428 585 520 619 ero3
549 585 686 610 uerum
704 579 810 610 extra
830 580 983 621 portam
1002 569 1055 607 mi
1072 569 1189 608 etiam
1207 570 1483 608 currendumst
1506 586 1564 617 ¹05

1363 634 1480 684 prius.

148 705 264 744 CALl.
289 703 384 753 quid
406 705 484 742 eo?
524 705 586 741 Ps.
611 702 737 741 lanios
758 702 851 741 inde
868 715 1066 740 accersam
1089 702 1170 740 duo
1187 714 1278 739 cum
1300 699 1484 737 tintinna-

1369 764 1480 812 bulis,

147 835 287 872 eadem
309 835 390 872 duo
410 847 545 885 greges
566 833 762 883 uirgarum
784 833 877 872 inde
898 834 1116 872 ulmearum
1138 833 1322 883 adegero,

147 906 190 937 ut
210 898 330 937 hodie
350 900 401 937 ad
423 898 644 937 litationem
665 898 757 936 huic
779 906 963 948 suppetat
983 897 1101 936 satias
1125 897 1223 936 Ioui.

62 976 128 1012 335
150 965 219 1001 BA.
253 965 264 1001 i
286 963 324 1000 in
347 965 490 1002 malam
512 977 669 1002 crucem
689 966 696 1001 !
755 965 817 1001 Ps.
850 963 950 1001 istuc
971 962 1043 1001 ibit
1065 962 1243 1012 Iuppiter
1263 961 1455 1000 lenonius.

149 1030 220 1067 BA.
253 1042 300 1067 ex
321 1036 386 1066 tua
414 1042 453 1067 re
474 1036 532 1067 est
559 1037 601 1066 ut
622 1042 695 1079 ego
715 1028 892 1067 emoriar.
954 1030 1017 1066 ΡΞ.
1050 1027 1247 1078 quidum?
1305 1030 1376 1065 ΒΑ.
1409 1040 1483 1077 ego
1507 1042 1565 1064 110

1235 1091 1365 1130 dicam
1387 1091 1457 1130 tibi
1475 1106 1482 1130 ;

147 1158 240 1210 quia
272 1160 426 1209 edepol,
459 1159 555 1198 dum
590 1171 664 1208 ego
699 1158 812 1197 uiuos
848 1157 992 1205 uiuam,
1026 1171 1245 1207 numquam
1276 1157 1349 1196 eris
1384 1156 1482 1207 frugi

1339 1223 1480 1261 bonae.

146 1304 193 1328 ex
222 1297 289 1328 tua
315 1303 355 1328 re
375 1302 456 1328 non
484 1296 543 1327 est
564 1296 606 1327 ut
627 1302 700 1338 ego
721 1287 898 1327 emoriar.
959 1290 1020 1326 Ps.
1053 1287 1252 1338 quidum?
1309 1289 1380 1325 BA.
1413 1287 1479 1335 sic,

1391 1352 1483 1403 quia

147 1419 178 1458 si
199 1433 272 1470 ego
292 1420 493 1458 emortuos
514 1418 599 1465 sim,
623 1418 792 1458 Athenis
814 1427 852 1457 te
873 1418 921 1457 sit
948 1432 1067 1457 nemo
1089 1418 1264 1469 nequior.

62 1494 130 1529 340
148 1486 263 1525 (ΖΑΗ.
294 1485 359 1524 dic
390 1484 497 1532 mihi,
530 1497 695 1535 opsecro
725 1485 866 1532 hercle,
899 1498 1037 1523 uerum
1068 1484 1169 1523 serio
1200 1485 1276 1522 hoc
1306 1485 1415 1534 quod
1446 1491 1483 1522 te

1374 1563 1479 1600 rogo.

147 1629 227 1654 non
248 1616 371 1654 habes
393 1617 575 1655 uenalem
596 1615 765 1654 amicam
787 1622 828 1653 tu
851 1628 980 1654 meam
1003 1614 1294 1654 Phoenicium?
1507 1631 1565 1662 115

148 1683 218 1719 BA.
251 1695 332 1720 non
354 1682 496 1730 edepol
518 1681 647 1719 habeo
668 1681 856 1730 profecto,
881 1694 973 1718 nam
995 1680 1072 1718 iam
1094 1680 1246 1731 pridem
1268 1680 1443 1719 uendidi.

148 1747 263 1786 CALr.
301 1759 381 1796 quo
420 1747 572 1785 modo?
629 1747 700 1783 BA.
738 1745 823 1784 sine
862 1745 1115 1793 ornamentis,
1158 1759 1246 1784 cum
1288 1745 1483 1784 intestinis

1283 1810 1480 1849 omnibus.

150 1877 265 1916 (ΖΑΗ.
299 1889 429 1914 meam
469 1883 509 1914 tu
548 1875 717 1914 amicam
757 1875 1003 1915 uendidisti?
1061 1877 1132 1914 BA.
1166 1875 1307 1923 ualide,
1345 1874 1483 1926 uiginti

1354 1941 1480 1981 minis.

64 2017 128 2054 345
151 2008 265 2047 CAL1.
303 2006 440 2057 uiginti
480 2006 626 2045 minis?
683 2009 753 2045 ΒΑ.
791 2015 922 2046 utrum
962 2007 1033 2055 uis,
1074 2009 1136 2047 uel
1177 2015 1314 2058 quater
1353 2007 1483 2058 quinis

74 2075 78 2078 ’
1354 2072 1480 2120 minis,

192 2187 254 2216 327
281 2176 431 2207 laniosus
453 2181 533 2215 tego
558 2175 591 2206 P
676 2177 726 2208 vel
744 2176 822 2207 hu'ic
956 2178 1022 2217 328
1044 2178 1159 2215 potius
1183 2177 1216 2208 A
1309 2187 1429 2217 queam
1455 2177 1488 2208 P

151 2221 219 2261 (vii.
255 2223 287 2254 Ι)
431 2230 495 2259 329
519 2220 673 2260 uictumis
704 2221 736 2250 A
873 2231 937 2260 330
961 2222 986 2262 i]
1021 2223 1051 2252 ei
1078 2221 1138 2252 A:
1163 2232 1229 2252 om.
1259 2220 1293 2251 P
1324 2222 1373 2262 [cf.
1402 2223 1482 2260 3265

148 2274 212 2304 335
229 2265 278 2295 vel
294 2264 341 2294 In*
358 2265 425 2302 (Le.
443 2265 531 2294 isnel
549 2275 590 2296 m.
606 2265 665 2303 (ita
683 2263 727 2295 P,
793 2264 867 2295 istic
882 2264 914 2294 Ρ
978 2266 1043 2304 336
1063 2265 1166 2307 [non]
1181 2271 1231 2295 est
1247 2265 1341 2304 Pscf.
1354 2276 1383 2296 v.
1402 2266 1481 2304 338}

148 2309 212 2347 338
236 2319 279 2338 ex
305 2314 361 2338 tua
387 2318 423 2337 re
449 2314 483 2338 ut
512 2318 577 2346 ego
603 2309 746 2338 emoriar
772 2318 837 2338 non
869 2314 919 2338 est
945 2320 963 2339 e
989 2320 1024 2339 re
1051 2310 1123 2339 (vix
1146 2315 1208 2349 pro
1233 2314 1328 2339 verei
1355 2310 1400 2343 A,
1428 2310 1484 2339 vix

148 2351 276 2391 conflat.
295 2363 334 2382 ex
348 2352 403 2382 illa
427 2353 567 2382 versione
587 2361 670 2390 quae
685 2356 786 2391 supra
803 2355 849 2382 es!
864 2357 893 2382 et
912 2353 1011 2382 altera
1035 2356 1069 2382 ut
1088 2363 1152 2391 ego
1175 2354 1323 2383 emoriar
1343 2364 1411 2383 non
1430 2359 1481 2383 est

149 2405 168 2425 e
186 2400 221 2425 re'
240 2404 294 2426 tua
313 2396 449 2435 quidum
467 2397 475 2424 ,1
501 2398 561 2428 sic,
576 2395 655 2434 quia
745 2405 810 2434 339
834 2402 985 2426 mortuus
1003 2397 1035 2425 A
1115 2407 1245 2436 nequor
1258 2396 1289 2426 Ρ
1305 2407 1399 2435 :sorta
1432 2396 1481 2427 D)

150 2448 214 2477 340
239 2449 320 2477 rogo
347 2440 431 2480 [est]
459 2438 491 2468 Ρ
516 2440 612 2478 f‘pro
637 2449 752 2478 rogem
770 2440 777 2454 '
805 2438 953 2481 Sqiff‘ert)
981 2442 1111 2481 (rogem
1137 2451 1215 2472 corr.
1242 2439 1288 2480 D)
1419 2450 1483 2480 343

151 2493 250 2522 quom
270 2484 287 2513 i.
307 2483 339 2513 A
375 2482 658 2522 anlt'qnasorma)

195 2537 314 2559 PLAVT.
333 2536 358 2558 u
1355 2530 1395 2560 18
