1747 2740
85 571 156 616 630

83 1424 154 1468 640

603 127 1017 165 TRVCVLENTVS
1458 128 1511 164 11.
1535 126 1596 164 vii

173 241 246 280 Cv.
277 239 470 291 captiost:
504 239 618 278 istam
640 239 890 278 machaeram
910 238 1129 289 longiorem
1150 237 1229 290 (tii)
1249 239 1372 277 habes
1393 252 1512 289 quam

1323 306 1420 343 haec
1442 311 1509 342 est.

173 373 243 410 sed
265 385 402 409 uerum
421 369 522 422 (me)
540 370 625 409 sine
648 371 744 409 dum
772 377 930 421 petere:
972 370 1168 420 siquidem
1202 370 1511 419 belligerandum

1288 443 1346 474 est
1367 443 1510 483 tecum,

173 503 276 543 †abo
289 504 481 543 domuml·
495 517 569 553 ego
582 510 726 550 tecum,
742 503 920 551 bellator,
935 502 1125 541 arbitrum
1142 515 1313 552 aequom
1327 500 1508 551 ceperim.

173 569 243 607 sed
264 582 338 619 ego
358 582 472 608 cesso
492 568 585 608 hinc
607 583 670 608 me
690 568 854 617 amoliri,
878 576 1015 607 uentre
1036 570 1133 608 dum
1155 570 1265 606 saluo
1286 567 1443 605 licet.——

372 727 752 764 PHRONESIVM
864 725 1318 763 STRATOPHANES

281 827 356 863 PH.
391 824 511 863 Datin
532 825 689 864 soleas?
716 831 837 874 atque
858 837 921 862 me
943 823 1045 862 intro
1066 830 1244 861 actutum
1264 822 1407 869 ducite,

281 905 374 930 nam
395 891 492 929 mihi
513 892 563 930 de
584 898 705 930 uento
727 890 891 928 miserae
912 889 1119 928 condoluit
1140 896 1324 939 caput.—

280 959 430 997 STRAT.
449 957 545 1008 quid
563 957 658 995 mihi
676 958 850 995 futurum
865 963 937 1003 est,
951 955 1045 1006 quoi
1062 956 1165 994 duae
1181 954 1346 993 ancillae
1360 955 1508 1001 dolent,

281 1023 417 1075 quibu'
438 1031 475 1062 te
496 1022 643 1062 donaui
661 1024 677 1061 ?
706 1022 837 1060 iamne
857 1020 1020 1060 abiisti?
1049 1034 1113 1059 em
1134 1020 1189 1059 sic
1210 1021 1347 1059 datur!

281 1102 363 1140 quo
383 1096 499 1139 pacto
520 1087 686 1134 excludi,
710 1100 869 1138 quaeso,
893 1086 1005 1137 potui
1026 1085 1181 1136 planius

281 1168 402 1206 quam
422 1155 602 1193 exclusus
624 1166 729 1191 nunc
750 1153 868 1191 sum?
898 1152 1060 1202 pulchre
1082 1151 1272 1189 ludificor.
1332 1149 1427 1189 sine.

281 1219 473 1271 quantillo
494 1219 547 1258 mi
568 1232 687 1270 opere
707 1231 815 1256 nunc
835 1216 1062 1268 persuaderi
1082 1223 1213 1267 potest

279 1294 322 1325 ut
343 1299 415 1336 ego
436 1284 531 1324 hisc’
551 1283 778 1335 suffringam
799 1284 899 1321 talos
920 1282 1012 1321 totis
1033 1282 1210 1321 aedibus.

279 1366 376 1391 num
397 1351 599 1403 quippiam
622 1348 760 1389 harum
782 1357 909 1388 mutat
930 1362 1058 1388 mores
1080 1348 1321 1387 mulierum?

279 1425 491 1470 postquam
513 1416 677 1455 filiolum
698 1415 861 1466 peperit,
884 1414 1038 1453 animos
1059 1413 1225 1452 sustulit.

281 1496 389 1522 nune
409 1481 521 1532 quasi
542 1481 595 1519 mi
617 1481 724 1520 dicat
743 1496 750 1519 :
785 1484 878 1520 ‘nec
899 1488 937 1519 te
958 1480 1078 1519 iubeo
1099 1492 1230 1530 neque
1250 1486 1346 1517 uoto

280 1548 383 1587 intro
403 1546 457 1586 ire
477 1546 517 1585 in
537 1546 671 1586 aedis.'
726 1554 766 1584 at
787 1560 860 1597 ego
881 1548 985 1593 nolo,
1009 1558 1089 1584 non
1112 1558 1170 1584 eo.

280 1627 354 1664 ego
374 1614 462 1651 faxo
483 1612 589 1651 dicat
610 1625 673 1650 me
694 1611 734 1650 in
754 1611 896 1651 diebus
918 1610 1096 1662 pauculis

279 1679 446 1717 crudum
463 1677 590 1717 uirum
607 1691 703 1716 esse.
745 1691 909 1728 sequere
926 1690 989 1715 me
1006 1677 1090 1714 hac.
1128 1675 1292 1714 uerbum
1311 1682 1368 1713 sat
1385 1683 1510 1713 est.—

214 1786 277 1824 627
304 1788 339 1814 tu
371 1783 447 1814 add.
478 1782 622 1823 Spengel
734 1782 816 1822 sort.
849 1791 948 1822 quam
983 1781 1067 1811 haec
1099 1784 1152 1810 est
1183 1779 1374 1819 longiorem
1406 1779 1511 1810 habes

170 1829 235 1859 628
259 1838 311 1858 me
328 1827 404 1859 add.
428 1826 553 1857 Goeller
681 1827 748 1865 629
773 1827 829 1856 ibo
847 1826 878 1857 d.
898 1825 993 1856 PCD:
1020 1825 1105 1856 abeo
1119 1825 1195 1854 dum
1218 1823 1352 1864 Geppert
1429 1824 1510 1863 fon.

172 1882 243 1912 cep.
258 1872 328 1902 arb.
345 1881 417 1910 aeq.
434 1871 609 1909 (octonar.)
700 1872 766 1910 630
783 1870 828 1900 mi
842 1870 1000 1900 hincamo
1013 1869 1080 1899 sire
1092 1868 1158 1898 cod.
1180 1880 1187 1899 ε
1204 1877 1281 1898 corr.
1300 1866 1512 1897 Camerarius

172 1916 291 1955 (dire),
306 1914 409 1945 Bothe
497 1920 653 1945 uentrem
666 1914 731 1945 cod.
825 1914 888 1952 632
916 1914 1041 1943 misere
1061 1912 1126 1943 cod.
1229 1913 1292 1950 634
1318 1914 1325 1927 ‘
1338 1910 1510 1951 legendum

170 1964 231 1990 aut
250 1960 360 1989 iamne
377 1958 469 1989 abis?
493 1961 554 1989 aut
570 1958 681 1988 iamne
698 1958 801 1989 abiit?
816 1956 824 1969 ³
849 1957 986 1997 Seyffert
1087 1957 1186 1987 datur
1203 1955 1277 1986 Ital.
1296 1967 1302 1985 :
1327 1960 1427 1985 oatur
1439 1954 1506 1985 cod.

170 2005 234 2043 635
259 2002 395 2033 excludi
427 2001 663 2033 Studemund:
695 2001 848 2032 excludis
880 2001 946 2032 cod.
1053 2010 1217 2039 quameso
1236 1998 1302 2030 cod.
1416 1999 1509 2038 potui

169 2047 366 2077 Buecheler:
383 2046 495 2085 potius
508 2046 625 2086 (pitius
639 2045 731 2085 PCD)
749 2045 817 2076 cod.
954 2045 1019 2083 638
1043 2045 1137 2075 hisce
1156 2045 1217 2084 (ila
1236 2042 1321 2082 cod.)
1340 2043 1411 2073 effr.
1432 2042 1504 2072 Ital.

169 2093 234 2129 639
259 2091 376 2120 harum
394 2094 500 2120 mutat
519 2089 763 2130 (Cameram‘usl
789 2089 919 2128 scripsi:
945 2098 1084 2118 auarum
1111 2093 1145 2118 ut
1164 2093 1198 2117 at
1215 2087 1282 2117 cod.
1304 2098 1310 2117 ε
1335 2097 1380 2116 an
1398 2090 1508 2117 autem

170 2136 245 2171 (asi)
265 2135 405 2165 inmutat
424 2132 545 2171 (Leon
634 2135 699 2171 640
724 2133 861 2163 filiolum
881 2132 1096 2163 Camerarius
1114 2143 1120 2162 z
1146 2131 1288 2162 filiorum
1307 2130 1372 2160 sod.
1443 2131 1504 2168 641

171 2184 250 2209 uoto
270 2178 384 2219 (ueto)
404 2177 617 2208 Camerarius
634 2188 640 2208 :
667 2176 744 2207 uolo
762 2176 827 2207 cod.

1531 722 1608 759 viii
