1747 2740
599 175 947 214 TRINVMMVS
1368 175 1446 213 III.
1468 174 1513 210 iii

25 290 92 335 815
168 288 253 326 ME.
285 300 359 337 ego
379 287 664 337 sycophantam
687 286 764 325 iarn
785 287 970 326 conduco
991 288 1041 326 de
1062 288 1147 326 foro

165 352 432 403 epistulasque
453 352 530 390 iarn
553 352 797 403 consignabo
818 353 931 400 duas,

162 431 335 469 eumque
355 419 434 457 hfic
452 417 539 470 (ad)
558 420 855 457 adulescentem
877 418 1111 458 meditatum
1133 419 1256 470 probe
1464 432 1507 465 90

162 482 326 521 mittam.
387 483 459 523 CA.
492 496 540 522 eo
561 496 634 533 ego
655 482 769 533 igitur
789 482 892 522 intro
911 484 963 522 ad
984 483 1158 521 officium
1180 496 1323 522 meum.

163 555 205 586 tu
225 547 325 587 istuc
346 549 574 599 age—ME.
606 556 739 587 actum
760 549 923 588 reddam
946 548 1291 599 nugacissume.-—

592 852 828 899 ACTVS
880 852 953 899 IV

590 963 934 1001 CHARMIDES
1460 965 1567 1003 IV.i

18 1065 88 1101 820
106 1061 360 1113 Salsipotenti
381 1070 419 1101 et
440 1062 707 1113 multipotenti
732 1062 831 1101 Ioui'
852 1062 956 1101 fratri
978 1070 1016 1101 et
1036 1064 1132 1104 Neri
1157 1067 1347 1116 Neptuno

105 1130 220 1168 laetu'
241 1129 382 1168 lubens
410 1128 537 1168 laudis
566 1142 640 1179 ago
671 1136 709 1167 et
735 1128 852 1179 gratis
879 1129 1101 1179 gratiasque
1129 1129 1258 1168 habeo
1284 1138 1322 1168 et
1350 1132 1440 1169 fluc-

1200 1195 1295 1234 tibu’
1317 1195 1438 1243 salsis,

103 1273 204 1311 quos
230 1273 352 1310 penes
374 1259 451 1299 mei
511 1273 529 1294 *
588 1267 773 1310 potestas,
798 1259 913 1298 bonis
935 1259 1008 1298 mis
1029 1259 1126 1310 quid
1148 1261 1248 1299 foret
1268 1268 1307 1299 et
1328 1274 1440 1300 meae

1321 1326 1438 1373 uitae,

102 1404 224 1441 quom
255 1390 334 1429 suis
362 1391 457 1429 med
480 1404 527 1429 ex
553 1389 649 1429 locis
671 1390 711 1429 in
733 1390 897 1441 patriam
919 1390 1026 1430 urbis
1054 1394 1305 1431 †cummam†
1325 1393 1440 1431 redu-

1168 1471 1255 1496 cem
1277 1457 1436 1496 faciunt.

100 1529 220 1572 atque
248 1535 333 1572 ego,
357 1523 556 1572 Neptune,
580 1520 652 1560 tibi
678 1529 770 1560 ante
794 1521 892 1560 alios
922 1522 1019 1561 deos
1048 1522 1189 1573 gratias
1220 1537 1293 1573 ago
1318 1531 1438 1574 atque
1459 1539 1476 1570 5

1088 1589 1218 1627 habeo
1239 1602 1413 1627 summas
1427 1604 1438 1637 3

14 1655 79 1701 825
101 1666 193 1692 nam
214 1660 252 1692 te
273 1666 412 1692 omnes
433 1666 677 1703 saeuomque
697 1666 961 1703 seuerumque
981 1661 1101 1704 atque
1121 1653 1249 1693 auidis
1270 1654 1437 1693 moribu'

1108 1727 1434 1768 commemorant,

99 1783 362 1835 spurcificum,
410 1783 623 1831 inmanem,
673 1782 978 1830 intolerandum,
1032 1798 1223 1823 uesanum
1245 1800 1251 1823 :
1299 1794 1436 1824 contra

1101 1864 1219 1901 opera
1241 1859 1432 1901 expertuS,

99 1930 190 1955 nam
212 1917 278 1967 pol
299 1915 456 1967 placido
483 1923 520 1954 te
545 1922 583 1954 et
609 1914 794 1954 clementi
820 1929 910 1954 meo
931 1929 1057 1966 usque
1083 1917 1216 1963 modo,
1243 1924 1285 1955 ut
1312 1916 1433 1964 uolui,

1068 1983 1151 2020 usu'
1171 1995 1258 2020 sum
1280 1981 1318 2020 in
1340 1984 1431 2021 alto.

140 2087 202 2125 817
228 2087 269 2117 ad
287 2085 362 2117 add.
385 2086 593 2116 Camerarius
724 2086 789 2115 818
813 2095 876 2124 ego
889 2083 1012 2127 (hinc)
1027 2085 1155 2116 Ritschl
1284 2087 1349 2125 819
1373 2097 1433 2116 nu-

96 2131 287 2170 gacissume
313 2129 493 2160 Hermann
509 2141 515 2160 :
550 2135 760 2169 nugacesunt
790 2129 853 2159 nisi
883 2129 950 2160 cod.
1099 2130 1165 2160 820
1200 2129 1432 2168 mulsipotenti

96 2176 270 2207 Buecheler
282 2175 409 2215 (saltip.
427 2180 460 2206 et
478 2174 606 2214 multip.
623 2174 746 2204 Plauto
761 2173 919 2213 tribuens)
990 2178 1025 2204 et
1044 2173 1150 2204 Nerei
1168 2173 1233 2204 cod.
1252 2184 1258 2202 :
1282 2173 1431 2204 aetherei

95 2218 246 2259 Scaliger
332 2220 471 2257 neptuni
494 2221 558 2248 cod.
579 2229 586 2248 :
619 2228 697 2248 corr.
730 2217 878 2257 Scaliger
1014 2218 1073 2246 821
1103 2224 1137 2248 et
1168 2219 1197 2249 ss.
1228 2217 1301 2249 Ital.
1325 2230 1330 2248 :
1364 2230 1382 2248 e
1401 2220 1430 2250 ss.

96 2261 161 2293 cod.
296 2263 360 2292 822
377 2271 464 2301 quos
477 2261 686 2291 Camerarius
702 2272 708 2290 z
725 2271 822 2300 quom
835 2259 900 2291 cod.
982 2270 1034 2290 me
1051 2261 1118 2292 cod.
1210 2261 1292 2302 (suit
1305 2263 1432 2304 saepe)

95 2305 162 2336 Leo
180 2317 187 2336 τ
207 2306 288 2336 (mel
303 2305 386 2348 <suit
400 2304 512 2347 nulla)
526 2304 623 2334 Klotz
713 2305 795 2335 meis
812 2304 887 2334 Ital.
908 2303 963 2343 (cf.
982 2304 1029 2334 ad
1041 2304 1141 2337 Pocn.
1164 2306 1261 2343 1189*
1344 2307 1430 2336 meai

95 2350 164 2380 uite
187 2349 238 2380 B:
262 2360 337 2380 mea
359 2350 427 2379 uita
445 2348 552 2388 Bergk
683 2349 747 2386 823
773 2358 901 2378 cumam
923 2347 997 2378 ΡΠ)
1131 2360 1162 2388 p.
1182 2351 1428 2380 suauissumam

95 2392 160 2423 Leo
292 2394 356 2423 826
379 2392 487 2434 (ego)
511 2397 630 2423 contra
654 2391 833 2422 Hermann
965 2392 1028 2430 827
1053 2392 1138 2423 elisio
1163 2394 1271 2435 m(e0y
1291 2393 1432 2434 displicet

91 2437 163 2468 alto
179 2436 263 2467 Pius
281 2449 288 2468 :
311 2437 377 2468 alio
395 2435 459 2468 cod.

1278 2493 1340 2524 30*
