1747 2740
169 124 246 162 ΙΙΙ.
272 126 315 160 vi

691 126 738 164 T.
774 126 955 165 MACCI
988 128 1192 165 PLAVTI

328 236 399 274 LA.
440 234 559 275 uiden
595 249 658 275 me
694 243 736 274 ut
776 236 934 286 rapior?
1010 238 1087 277 CH.
1126 237 1245 277 uideo
1277 246 1397 289 atque
1431 238 1610 290 inspecto

1454 304 1606 344 lubens.

326 367 395 405 LA.
421 380 500 405 non
522 366 734 405 subuenire
757 366 809 404 mi
830 368 985 406 audes?
1042 368 1120 407 CH.
1144 367 1232 418 quis
1253 369 1374 406 homo
1395 375 1433 407 te
1453 369 1582 419 rapit?
1627 371 1696 415 870

326 433 395 469 LA.
428 432 662 470 adulescens
687 431 949 482 Plesidippus.
1010 433 1088 472 CH.
1121 441 1163 471 ut
1184 435 1363 471 nanctu’s
1383 433 1496 472 habe.

325 497 432 535 bono
452 495 586 534 animo
609 496 767 535 meliust
788 504 826 535 te
848 496 887 534 in
909 511 1074 536 neruom
1097 511 1322 548 conrepere.

213 577 252 610 35
325 561 394 599 tibi
416 560 555 611 optigit
576 562 686 610 quod
708 561 879 610 plurumi
901 570 1090 612 exoptant
1111 562 1196 602 sibi.

327 628 397 665 LA.
429 626 525 677 quid
558 626 598 664 id
629 628 714 664 est?
782 628 860 666 CH.
893 634 936 665 ut
967 627 1006 666 id
1040 629 1149 678 quod
1181 635 1372 678 quaerant
1404 627 1607 668 inueniant

1520 694 1605 732 sibi.

326 759 396 796 LA.
429 770 605 808 sequere,
629 770 809 807 opsecro,
830 771 904 796 me.
964 758 1042 797 CH.
1072 757 1216 808 pariter
1231 759 1374 797 suades
1395 758 1521 808 qualis
1541 773 1582 797 es
1600 774 1607 797 z
1627 763 1669 805 87
1676 772 1692 807 5

325 831 366 862 tu
387 823 427 861 in
448 836 613 862 neruom
635 836 781 873 rapere,
805 837 853 862 eo
874 837 939 862 me
960 837 1143 874 opsecras
1165 832 1207 862 ut
1228 832 1266 862 te
1287 837 1438 874 sequar.

324 888 442 928 etiam
463 889 664 927 retentas?
722 890 793 926 LA.
826 888 946 939 perii!
1006 891 1072 926 PL.
1106 903 1243 927 uerum
1265 889 1313 927 sit
1334 888 1465 928 uelim.

209 971 254 1003 40
325 961 378 1001 tu,
403 966 491 992 mea
512 954 710 992 Palaestra
731 962 769 992 et
791 953 1029 1004 Ampelisca,
1054 953 1203 993 ibidem
1225 954 1316 992 ilico

326 1027 482 1058 manete
502 1020 599 1058 dum
620 1033 694 1069 ego
715 1021 793 1057 huc
814 1021 944 1058 redeo.
1005 1022 1077 1058 Lo.
1110 1020 1296 1070 equidem
1317 1021 1467 1069 suadeo

325 1092 367 1123 ut
387 1086 438 1123 ad
459 1098 531 1123 nos
552 1085 697 1123 abeant
719 1085 861 1135 potius,
885 1087 982 1124 dum
1003 1085 1154 1136 recipis.
1216 1087 1283 1124 PL.
1315 1087 1455 1136 placet,
1626 1089 1696 1123 880

324 1150 427 1189 bene
447 1149 584 1188 facitis.
646 1151 716 1187 LA.
745 1151 848 1188 fures
870 1150 923 1188 mi
945 1150 1048 1189 estis.
1109 1152 1180 1188 Lo.
1208 1150 1318 1200 quid,
1340 1152 1473 1190 fures?
1501 1165 1603 1202 rape.

326 1217 397 1254 LA.
430 1228 510 1262 oro,
534 1228 710 1265 opsecro,
736 1217 943 1254 Palaestra.
1006 1218 1073 1254 PL.
1105 1229 1281 1266 sequere,
1305 1218 1500 1255 carnufex.

210 1294 253 1329 45
328 1282 399 1320 LA.
436 1282 716 1331 hospes—CH.
756 1294 836 1319 non
871 1295 958 1319 sum
994 1282 1150 1332 hospes,
1185 1281 1350 1332 repudio
1390 1282 1605 1332 hospitium

1482 1356 1603 1386 tuom.

327 1414 397 1451 LA.
430 1412 553 1451 sicine
575 1426 638 1451 me
659 1412 840 1463 spernis?
897 1414 975 1452 CH.
1009 1412 1064 1450 sic
1084 1426 1169 1463 ago.
1229 1415 1351 1451 semel
1372 1413 1478 1451 bibo.

327 1480 397 1517 LA.
431 1478 470 1517 di
492 1486 530 1516 te
552 1477 752 1516 infelicent
771 1478 914 1517 l—CH.
948 1477 1009 1516 isti
1031 1478 1148 1528 capiti
1169 1478 1302 1517 dicito.
1627 1485 1692 1529 885

327 1546 446 1583 credo
466 1543 586 1582 alium
608 1543 648 1581 in
668 1543 785 1582 aliam
808 1544 965 1582 beluam
987 1544 1190 1582 hominem
1213 1543 1380 1582 uortier:

329 1609 407 1648 illic
427 1609 466 1647 in
488 1609 732 1656 columbum,
756 1610 886 1654 credo,
911 1610 1002 1647 leno
1023 1609 1200 1655 uortitur‚

215 1692 259 1725 50
329 1689 420 1714 narn
447 1673 451 1726 1
479 1675 518 1712 in
539 1674 757 1713 columbari
779 1676 903 1713 collus
925 1676 1003 1713 hau
1025 1676 1150 1712 multo
1170 1682 1259 1724 post
1279 1674 1375 1722 erit3

327 1741 366 1779 in
389 1754 552 1779 neruom
574 1740 638 1778 ille
658 1740 778 1779 hodic
799 1740 1028 1779 nidamenta
1049 1748 1243 1790 congeret.

325 1820 463 1845 uerum
484 1814 618 1844 tamen
639 1806 706 1844 ibo
727 1806 762 1844 ei
785 1807 1004 1844 aduocatus
1026 1815 1066 1844 ut
1087 1806 1197 1853 siem,
1627 1816 1695 1860 890

326 1872 358 1910 si
379 1872 445 1922 qui
468 1885 555 1910 mea
576 1885 695 1922 opera
717 1871 832 1910 citius
855 1872 1021 1910 addici
1044 1879 1242 1922 potest.—

317 1979 382 2016 869
405 1979 531 2009 uinden
561 1978 599 2010 P.
624 1978 656 2007 A
679 1989 708 2008 ιι.
734 1979 752 2010 Ι,
891 1979 954 2017 872
981 1979 1102 2008 melius
1121 1983 1157 2008 ut
1172 1977 1234 2009 vid.
1255 1976 1288 2007 A
1431 1976 1604 2016 873-1004

272 2020 356 2052 deest
371 2021 403 2051 A
545 2022 607 2062 875
632 2023 773 2053 obsecro
791 2033 844 2053 me
864 2022 1093 2053 Camerarius:
1119 2022 1293 2053 obsecr-om
1309 2019 1377 2052 cod.
1541 2022 1604 2060 877

274 2064 333 2096 PL.
360 2066 461 2095 ctiam
478 2065 556 2096 ΡΟ)
689 2067 752 2104 884
778 2067 884 2097 semel
901 2066 977 2096 bibo
995 2066 1132 2109 (tuom)
1148 2065 1325 2104 Nit‘meyer,
1345 2075 1426 2094 nam
1438 2063 1606 2094 diiambus

272 2109 305 2138 in
319 2109 391 2147 fine
409 2120 522 2140 versus
546 2110 603 2140 vix
622 2110 804 2150 serendus:
835 2111 914 2150 fni.
946 2111 972 2140 si
1001 2110 1067 2140 mel
1093 2111 1120 2141 b.
1147 2111 1220 2140 {1212
1247 2108 1361 2148 ‘quasi
1387 2108 1604 2148 gargarizans

271 2152 398 2193 spuo')
549 2155 610 2192 887
648 2154 830 2184 columbam
855 2153 983 2184 Schorll
1123 2154 1188 2184 888
1211 2153 1317 2183 collus
1348 2156 1486 2182 testatur
1514 2151 1602 2182 Pris-

272 2196 386 2227 cianus
407 2207 432 2231 1.
454 2207 535 2236 150:
561 2197 680 2228 collum
699 2198 764 2229 sod.
899 2197 972 2227 coll.
996 2197 1027 2227 in
1053 2197 1114 2228 col.
1135 2196 1304 2227 Flrckciscn
1326 2200 1399 2236 pos!
1417 2195 1602 2226 Osbcmmn

273 2240 420 2280 rhythmi
433 2251 530 2271 causa
552 2242 599 2277 gcfi
622 2241 724 2274 (lass.
745 2241 826 2272 Rev.
847 2250 896 2276 ιο,
915 2242 993 2280 333)
