1747 2740
163 135 217 176 ΙΙ.
240 137 269 174 ii
649 139 694 176 T.
730 139 910 178 MACCI
943 139 1146 177 PLAVTI

453 262 560 287 nouo
580 247 747 287 consilio
767 262 873 287 nunc
894 248 947 286 mi
968 262 1068 299 opus
1089 257 1158 295 est,

452 326 557 351 noua
577 326 636 351 res
658 314 755 351 haec
776 313 908 352 subito
930 313 981 352 mi
1003 313 1219 353 obiectast:
1589 318 1680 354 601²

178 389 217 411 10
236 377 312 416 hoc
342 387 567 428 praeuortar
596 377 789 428 principio
804 392 814 425 3
857 379 969 418 illaec
998 379 1133 418 omnia
1162 378 1281 417 missa
1310 379 1440 418 habeo
1468 392 1571 429 quae

1172 451 1265 483 ante
1284 458 1398 495 agere
1418 443 1567 496 occepi.

235 507 312 546 iam
334 510 399 559 pol
421 522 494 559 ego
514 510 622 548 hunc
642 508 902 549 stratioticum
923 509 1107 549 nuntium
1137 509 1418 550 aduenientem
1445 509 1570 560 probe

1335 583 1563 627 percutiam.

235 701 315 738 HA.
348 700 491 739 ostium
514 702 678 752 pultabo
698 709 817 752 atque
838 702 943 741 intus
964 702 1143 741 euocabo
1163 701 1336 752 aliquem
1357 702 1470 741 foras.

234 767 297 803 ΡΞ.
329 766 506 816 quisquis
527 781 579 813 eS‚
603 767 887 817 compendium
909 781 982 817 ego
1003 775 1041 806 te
1062 769 1189 806 facere
1210 766 1390 818 pultandi
1411 768 1529 816 uolo;
1585 771 1652 816 605

232 845 323 868 nam
345 845 418 881 ego
439 839 617 882 precator
638 839 676 870 et
697 840 885 882 patronus
906 832 1055 871 foribus
1076 831 1250 883 processi
1270 833 1384 871 foras.

173 909 208 941 15
233 898 313 934 HA.
346 904 440 935 tune
454 910 494 934 es
510 896 666 935 Ballio?
711 899 772 935 Ps.
805 896 928 936 immo
943 911 1037 936 uero
1051 911 1125 948 ego
1145 897 1228 936 eius
1245 910 1332 936 sum
1346 897 1562 936 Subballio.

231 963 312 999 HA.
345 961 441 1011 quid
469 961 569 1000 istuc
596 961 774 1001 uerbist?
831 964 893 1000 Ps.
926 963 1091 1010 condus,
1114 975 1275 1014 promus
1303 976 1401 1009 sum,
1428 976 1565 1013 procu-

1335 1036 1438 1068 rator
1457 1028 1559 1079 peni.

228 1093 309 1130 HA.
341 1092 451 1143 quasi
467 1100 504 1132 te
521 1093 628 1132 dicas
642 1093 862 1133 atriensem.
915 1096 977 1132 Ps.
1001 1093 1125 1133 immo
1137 1093 1296 1133 atriensi
1310 1107 1382 1144 ego
1396 1093 1558 1144 impero.

228 1159 308 1196 HA.
341 1158 438 1209 quid
459 1166 511 1205 tu,
531 1173 717 1198 seruosne
735 1173 776 1198 es
796 1174 846 1198 an
868 1160 995 1199 liber?
1033 1162 1096 1199 ΡΞ.
1129 1173 1236 1198 nunc
1256 1159 1418 1210 quidem
1439 1158 1557 1198 etiam
1577 1161 1648 1197 610

1418 1223 1558 1263 seruio.

229 1289 309 1326 HA.
342 1288 394 1327 ita
415 1288 561 1336 uidere,
584 1296 622 1328 et
643 1303 724 1328 non
746 1289 880 1328 uidere
901 1289 1043 1340 dignus
1064 1289 1131 1340 qui
1153 1289 1250 1328 liber
1270 1289 1356 1328 sies.

166 1369 206 1390 20
228 1355 289 1391 ΡΞ.
323 1367 403 1393 non
424 1355 527 1393 soles
550 1354 742 1404 respicere
764 1362 816 1402 te,
835 1368 957 1405 quom
979 1354 1077 1394 dicis
1099 1354 1242 1393 iniuste
1262 1354 1402 1393 alteri?

227 1419 307 1456 HA.
339 1420 447 1458 hunc
477 1419 680 1459 hominem
712 1421 860 1459 malum
890 1434 976 1460 esse
1006 1427 1171 1470 oportet.
1233 1421 1294 1458 ΡΞ.
1327 1419 1367 1458 di
1396 1433 1458 1458 me
1485 1433 1559 1458 ser-

1158 1492 1254 1522 uant
1273 1492 1391 1534 atque
1410 1492 1555 1530 amant,

224 1563 314 1588 nam
337 1550 434 1589 haec
456 1549 552 1588 mihi
572 1549 684 1589 incus
706 1558 787 1590 est:
818 1550 1035 1601 procudam
1057 1548 1130 1601 ego
1151 1549 1270 1588 hodie
1297 1549 1389 1588 hinc
1410 1551 1556 1588 multos

1426 1615 1551 1653 dolos.

224 1681 303 1718 HA.
336 1680 432 1731 quid
454 1680 532 1720 illic
553 1682 660 1720 solus
681 1693 816 1720 secum
838 1679 1040 1731 loquitur?
1098 1682 1161 1718 ΡΞ.
1193 1679 1290 1730 quid
1310 1678 1366 1718 ais
1387 1687 1439 1725 tu,
1462 1680 1555 1718 adu·
1575 1685 1642 1730 615

997 1747 1179 1784 lescens?
1237 1747 1318 1783 HA.
1351 1743 1447 1795 quid
1468 1745 1556 1784 est?

221 1812 281 1849 ΡΞ.
314 1824 408 1849 esne
429 1819 469 1849 tu
491 1825 540 1849 an
563 1824 642 1849 non
665 1824 706 1849 es
726 1810 778 1849 ab
799 1810 865 1849 illo
887 1809 999 1848 militi
1024 1810 1277 1858 Macedonio,

158 1890 195 1922 ²5
218 1890 351 1915 seruos
372 1876 469 1915 eiius
491 1876 557 1926 qui
579 1876 670 1915 hine
690 1890 713 1915 a
732 1876 849 1915 nobis
870 1884 927 1915 est
949 1885 1142 1915 mercatus
1164 1876 1382 1924 mulierem,

217 1941 283 1991 qui
305 1941 452 1991 argenti
475 1955 564 1980 meo
586 1955 651 1980 ero
673 1940 805 1980 lenoni
827 1940 1057 1991 quindecim
1078 1942 1241 1980 dederat
1263 1941 1405 1989 minas,

217 2006 392 2056 quinque
413 2005 562 2044 debet?
621 2007 700 2044 HA.
733 2019 831 2044 sum.
882 2006 952 2044 sed
973 2005 1041 2044 ubi
1063 2014 1103 2044 tu
1125 2019 1188 2045 me
1208 2005 1354 2045 nouisti
1373 2004 1549 2056 gentium

216 2080 282 2109 aut
304 2071 435 2110 uidisti
458 2080 523 2110 aut
546 2072 821 2110 conlocutu’s?
851 2084 942 2109 narn
965 2070 1151 2121 equidem
1169 2072 1347 2110 Athenas
1363 2070 1550 2110 antidhae
1570 2077 1641 2112 620

218 2150 434 2187 numquam
465 2136 610 2176 adueni
641 2150 771 2186 neque
801 2144 838 2175 te
867 2135 947 2174 uidi
979 2145 1071 2175 ante
1099 2137 1205 2175 hunc
1226 2136 1332 2175 diem
1359 2149 1551 2186 umquam

1295 2201 1419 2240 oculis
1441 2201 1548 2240 meis.

263 2301 322 2331 601
351 2300 401 2330 vel
415 2300 495 2331 mihi
516 2300 624 2340 (troch.
642 2298 740 2332 dim.)
885 2300 965 2329 601⁸
989 2299 1099 2330 subito
1117 2300 1197 2330 mihi
1217 2300 1299 2330 haec
1317 2299 1350 2330 Ρ
1481 2300 1547 2338 605

221 2354 283 2382 ego
302 2355 366 2374 om.
386 2345 416 2373 A
554 2344 693 2384 putandi
713 2342 745 2372 Ρ
882 2343 945 2380 607
972 2354 989 2372 e
1013 2344 1077 2380 (vel
1097 2349 1127 2377 e,
1146 2345 1165 2375 ι’.
1180 2354 1203 2375 e.
1222 2349 1285 2381 est,
1301 2344 1355 2373 esN
1379 2342 1500 2373 oballio
1518 2342 1552 2373 P

221 2389 278 2427 (iv.
295 2391 331 2425 2)
464 2390 528 2418 610
552 2388 648 2428 quid]
667 2387 748 2426 quin
763 2385 794 2416 A
886 2387 936 2416 vr!
950 2389 1088 2418 seruo'n
1213 2389 1277 2418 612
1301 2387 1394 2417 dicas
1410 2385 1442 2416 Ρ
1462 2387 1492 2423 ιἰ.
1509 2388 1546 2426 9)

218 2466 282 2503 614
304 2464 398 2495 dolos
415 2475 459 2495 tm
476 2463 570 2495 bolos
588 2464 693 2495 inm-l.
715 2464 748 2494 A
853 2464 917 2503 615
941 2473 1055 2495 secum
1073 2464 1166 2496 solus
1182 2463 1215 2495 Ρ
1313 2464 1378 2494 616
1402 2436 1502 2494 milii?
1517 2463 1550 2494 Ρ

221 2509 368 2546 (militite
388 2508 426 2543 Β,
445 2509 548 2539 milite
565 2507 656 2549 PCD)
791 2507 855 2537 618
873 2518 949 2539 meo
966 2508 1014 2548 eri
1031 2508 1064 2539 A
1085 2521 1091 2539 :
1116 2519 1175 2540 ero
1193 2518 1268 2539 meo
1284 2506 1316 2537 P
1480 2508 1546 2538 620

220 2551 392 2593 equidem]
413 2553 498 2583 idem
516 2552 548 2582 A
683 2551 818 2582 athenis
834 2551 867 2582 Ρ
995 2556 1056 2584 621
1083 2553 1226 2595 adueniJ
1245 2552 1323 2584 ueni
1341 2551 1374 2582 A
