1747 2740
623 148 1040 189 TRVCVLENTVS
1435 148 1502 186 IV.
1525 146 1555 184 ii

169 261 240 301 sed
260 261 357 312 quid
377 275 452 312 ego
472 261 538 300 hic
557 262 688 300 clamo
703 261 721 298 ?
749 260 847 311 quid
867 259 899 298 si
920 273 984 298 me
1005 259 1139 299 iubeat
1159 258 1263 298 intro
1283 258 1457 298 mittier?

167 326 370 376 conceptis
391 340 455 365 me
475 340 557 365 non
576 327 770 363 facturum
792 325 923 364 uerbis
944 325 1079 373 iurem,
1102 324 1133 364 si
1155 325 1260 363 uelit.

165 404 293 441 nugae
312 399 414 429 sunt.
474 390 506 429 si
526 390 707 429 stimulos
727 390 870 441 pugnis
890 390 1034 437 caedis,
1059 389 1243 428 manibus
1263 391 1351 440 plus
1372 390 1493 428 dolet.

164 457 215 495 de
235 456 358 495 nihilo
378 456 477 494 nihil
499 463 558 494 est
577 455 702 502 irasci,
724 469 828 506 quae
848 463 887 494 te
907 469 989 495 non
1010 455 1125 494 flocci
1145 455 1247 494 facit.

77 533 146 568 770
164 522 234 559 sed
248 520 346 571 quid
361 522 437 560 hoc
454 521 540 559 est?
568 534 640 571 pro
655 520 697 559 di
712 520 940 560 inmortales
958 524 964 559 Ι
995 520 1200 561 Calliclem
1217 520 1336 559 uideo
1352 533 1500 567 senem,
1523 524 1567 557 60

71 1011 136 1049 775

163 587 266 625 meu'
285 586 353 636 qui
373 586 515 625 adfinis
534 585 618 634 fuit,
640 586 802 625 ancillas
823 588 922 625 duas
942 586 1173 625 constrictas
1193 587 1349 634 ducere,

160 651 321 689 alteram
343 650 572 690 tonstricem
599 650 604 703 1
629 650 772 699 huiius‚
794 653 957 690 alteram
977 651 1161 691 ancillam
1183 665 1306 691 suam.

159 715 343 766 pertimui
360 731 367 754 :
396 724 609 767 postquam
629 731 709 756 una
728 731 822 756 cura
841 731 908 756 cor
928 731 1063 756 meum
1084 717 1209 756 mouit
1230 718 1363 764 modo,

159 780 281 820 timeo
301 795 351 820 ne
372 783 474 820 male
494 783 598 821 facta
616 782 781 833 antiqua
801 796 889 821 mea
909 782 987 821 sint
1007 781 1171 821 inuenta
1190 782 1335 821 omnia.

313 865 632 904 CALLICLES
743 866 1002 903 ANCILLA
1059 866 1370 904 CALLICLIS
1522 864 1568 901 iii

530 931 899 968 DINIARCHVS
1010 931 1158 969 SVRA

159 1002 234 1041 CA.
272 1003 385 1052 Egon
408 1001 479 1041 tibi
500 1003 602 1040 male
622 1001 786 1040 dicam?
816 1009 856 1040 at
876 1001 948 1041 tibi
968 1010 1007 1041 te
1028 1002 1215 1041 mauelim
1235 1018 1242 1041 :
1272 1010 1315 1040 ut
1343 1002 1500 1040 animus

1357 1075 1496 1114 meust,

155 1134 448 1184 propemodum
469 1141 651 1185 expertae
675 1133 767 1172 estis
788 1146 909 1184 quam
937 1147 1011 1184 ego
1037 1133 1111 1172 sim
1131 1133 1231 1172 lenis
1252 1133 1499 1183 tranquillus-

1263 1213 1341 1250 que
1361 1200 1495 1238 homo.

155 1263 321 1314 rogitaui
340 1278 414 1316 ego
434 1278 506 1304 uos
527 1265 752 1304 uerberatas
771 1265 910 1304 ambas
931 1264 1143 1316 pendentis
1164 1265 1281 1303 simul
1297 1279 1308 1313 3

154 1329 421 1378 commemini,
444 1343 525 1381 quo
545 1329 737 1380 quicquid
757 1338 874 1381 pacto
895 1330 977 1368 sitis
998 1331 1203 1369 confessae
1223 1329 1305 1369 scio
1323 1344 1333 1378 3

153 1395 218 1434 hic
238 1409 345 1434 nunc
366 1397 459 1434 uolo
479 1396 577 1434 scire
597 1396 741 1434 eodem
762 1404 880 1446 pacto
901 1396 986 1434 sine
1007 1397 1112 1434 malo
1132 1395 1344 1434 fateamini.
1515 1411 1532 1444 5

154 1474 396 1511 quamquam
417 1474 490 1500 uos
510 1460 719 1500 colubrino
739 1460 900 1511 ingenio
920 1462 1063 1500 ambae
1083 1461 1186 1509 estis,
1210 1461 1326 1500 edico
1345 1462 1453 1512 prius

153 1540 204 1565 ne
224 1526 392 1577 duplicis
412 1526 591 1565 habeatis
611 1527 774 1577 linguas,
798 1541 849 1566 ne
868 1540 942 1578 ego
963 1526 1149 1578 bilinguis
1170 1541 1242 1566 uos
1263 1541 1415 1576 necem,

153 1591 227 1629 nisi
247 1591 279 1630 si
299 1593 350 1630 ad
370 1591 654 1631 tintinnaculos
675 1592 793 1631 uoltis
814 1606 886 1631 uos
907 1592 1023 1631 educi
1045 1592 1161 1631 uiros.

153 1658 232 1694 AN.
264 1656 324 1695 uis
345 1656 490 1706 subigit
510 1670 649 1695 uerum
670 1657 791 1704 fateri,
815 1657 869 1695 ita
888 1659 971 1696 lora
991 1658 1154 1696 laedunt
1175 1658 1369 1698 bracchia.

196 1750 260 1788 766
283 1749 407 1780 mittiar
438 1748 504 1780 cod.
664 1750 725 1789 767
752 1750 847 1780 nerui
876 1749 977 1780 sirem
1004 1749 1119 1780 sileuit
1146 1750 1211 1782 cod.
1258 1751 1289 1782 ii.
1316 1751 1376 1790 7):
1411 1762 1490 1784 corr.

151 1791 292 1832 Merula,
310 1792 474 1833 Angelius
575 1794 639 1833 769
662 1793 792 1825 nihilist
809 1793 952 1834 Spengel
1054 1805 1117 1834 770
1139 1795 1204 1825 hoc
1222 1806 1288 1825 0711.
1307 1795 1339 1825 B
1400 1796 1493 1827 calic-

152 1837 245 1867 tenui
275 1837 436 1867 desenem
460 1836 548 1868 cod.:
588 1848 666 1868 corr.
696 1837 830 1868 Merula
1010 1849 1071 1878 771
1093 1843 1169 1879 post
1195 1849 1257 1878 772
1283 1838 1348 1870 cod.
1369 1850 1376 1869 ε
1415 1841 1489 1870 trai.

153 1879 313 1911 Gruterus
388 1891 445 1919 771
466 1891 629 1921 meusque
643 1881 707 1913 cod.
727 1893 734 1912 ε
750 1893 834 1913 corr.
851 1881 982 1912 Merula
1076 1893 1137 1922 772
1162 1882 1312 1912 Alteram
1325 1881 1494 1926 (Suram)

150 1923 290 1955 Mueller
397 1925 453 1955 vix
478 1925 578 1956 huius
729 1936 791 1965 774
818 1937 860 1956 ne
880 1926 1115 1957 Cmnerarins:
1142 1936 1186 1956 ne
1206 1926 1291 1967 [me]
1311 1926 1376 1958 cod.
1398 1929 1494 1968 *lpro

149 1978 192 1998 ne
216 1975 280 2008 me,
301 1969 322 1999 i.
340 1979 365 2000 e.
390 1979 433 1999 ne
456 1968 568 2008 male;
601 1970 642 2001 iv.
661 1972 698 2009 3)
813 1971 890 2001 sine
916 1971 1051 2001 inuenia
1073 1972 1158 2010 (-am
1178 1970 1267 2009 PCD)
1286 1970 1375 2000 cod:
1411 1981 1489 2002 corr.

149 2012 324 2043 Aa'dalius
490 2022 551 2052 775
575 2019 608 2044 at
634 2013 692 2044 tibi
719 2020 753 2045 te
779 2014 934 2045 mauelim
962 2014 1093 2054 scm'psi:
1127 2019 1185 2044 aut
1214 2014 1271 2044 tibi
1300 2015 1378 2045 adte
1407 2015 1491 2046 male

149 2056 249 2087 uelim
266 2055 333 2087 cod.
434 2062 491 2087 aut
510 2057 569 2087 tibi
587 2058 672 2088 adeo
693 2057 925 2089 Camerarius:
953 2069 982 2088 a.
1001 2062 1022 2089 t.
1043 2058 1131 2089 Acte
1149 2057 1276 2088 Sclzoell
1377 2058 1491 2090 animu

149 2105 263 2131 meust
279 2100 404 2142 (animo
422 2106 531 2131 meost
549 2100 640 2141 PCD)
658 2101 728 2133 cod.
843 2103 906 2141 776
931 2103 1012 2132 estis
1028 2101 1102 2134 Ital.
1121 2113 1127 2133 :
1152 2102 1276 2133 essetis
1292 2101 1361 2132 cod.
1426 2103 1489 2134 sim

149 2143 236 2175 lenis
251 2145 385 2184 scripsi:
409 2144 537 2175 similes
551 2145 618 2176 cod.
632 2146 704 2183 (vii,
720 2156 751 2186 p.
762 2146 822 2186 99}
839 2158 846 2177 t
871 2147 933 2177 sim
953 2146 1042 2176 mitis
1057 2146 1271 2177 Camerarius
1326 2147 1489 2186 tranquil-

150 2187 269 2227 lusque
292 2188 524 2220 Cama-anus:
551 2189 751 2228 tranquillus
778 2191 874 2224 (-ilus
898 2190 943 2228 Β)
970 2201 1079 2230 usque
1102 2190 1171 2221 cod.
1328 2201 1387 2230 777
1414 2200 1489 2221 uer-

149 2231 298 2263 berantis
317 2231 400 2264 cod.:
425 2244 502 2263 corr.
528 2231 668 2273 Spengel
755 2235 870 2264 ambas
897 2234 1080 2265 Gymnas:
1115 2235 1175 2266 bas
1199 2234 1278 2274 (has
1301 2233 1391 2264 PCDi
1419 2234 1487 2267 cod.

151 2277 214 2315 778
237 2276 394 2316 quicquid
419 2277 551 2315 scripsi:
577 2278 753 2316 quicquam
779 2278 845 2308 cod.
877 2279 932 2317 (cs.
958 2277 1006 2308 ad
1027 2288 1076 2309 vv.
1108 2288 1184 2318 595,
1216 2279 1314 2317 7855:
1343 2278 1487 2318 quicque

150 2320 364 2351 Camerarius
499 2330 560 2359 779
584 2326 706 2359 pacton
733 2321 955 2352 Stuclmmnd
1085 2323 1149 2361 780
1173 2322 1299 2353 colubri
1325 2332 1394 2352 non
1419 2322 1485 2355 cod.

151 2364 209 2402 781
238 2364 386 2403 linguam
411 2374 453 2394 ne
475 2374 540 2402 ego
563 2364 603 2393 ibi
627 2364 750 2403 linguis
773 2365 859 2396 cod.:
892 2376 971 2396 corr.
1000 2365 1075 2398 Ital.
1233 2367 1295 2405 782
1323 2367 1393 2396 nesi
1419 2366 1484 2397 cod.

150 2408 304 2447 ‘antiqua
320 2409 461 2447 forma?
570 2418 632 2437 uos
653 2409 754 2438 uoltis
774 2409 943 2449 Grutems,
964 2409 1115 2448 rhythmo
1131 2411 1304 2441 consulens
1423 2412 1484 2450 783

148 2451 280 2491 subegit
297 2451 364 2482 cod.
384 2451 662 2491 (antiqnasorma
675 2455 698 2491 ᾖ·

1334 2499 1394 2529 34*
