1747 2740
223 163 279 204 ΙΙ.
300 164 329 201 ii
703 165 749 202 T.
783 164 963 204 MACCI
996 165 1200 202 PLAVTI

358 275 457 313 PAN.
490 275 671 325 quisnam
707 274 770 313 hic
800 273 973 324 loquitur
1003 282 1081 313 tam
1115 287 1238 325 prope
1268 276 1371 313 nos?
1428 275 1486 313 P1.
1520 274 1631 314 Pina·
1651 285 1721 319 330

1059 339 1175 378 cium.
1237 342 1337 378 ΡΑΝ.
1370 339 1437 378 ubi
1458 339 1490 378 is
1511 339 1633 389 (e)st?

304 407 362 444 Pi.
395 405 543 456 respice
576 407 627 445 ad
663 407 724 444 me*
759 413 797 444 et
831 405 1008 456 relinque
1043 414 1224 455 egentem
1260 404 1485 456 parasitum,
1512 407 1634 444 Pane-

1519 470 1631 520 gyris.

303 537 403 575 PAN.
452 535 666 574 Pinacium.
746 538 805 574 Pi.
850 535 950 575 istuc
998 535 1227 575 indiderunt
1275 549 1422 575 nomen
1466 530 1658 574 maiores*

1524 600 1631 639 mihi.

302 666 402 704 ΡΑΝ.
440 665 536 716 quid
579 665 690 715 agis?
748 667 805 703 P1.
838 665 934 716 quid
977 679 1091 716 agam
1131 665 1304 716 rogitas?
1361 667 1461 704 PAN.
1493 665 1634 715 quidni

814 730 1010 780 rogitem?
1067 733 1124 770 Pr.
1157 731 1254 781 quid
1276 744 1433 770 mecum
1455 738 1513 769 est
1534 730 1635 769 tibi?

242 812 280 835 10
303 797 404 835 ΡΑΝ.
437 795 560 834 mihin
593 795 754 843 fastidis,
782 796 1053 846 propudiose?
1096 798 1280 847 eloquere
1310 809 1486 848 propere,
1523 797 1635 834 Pina-

1513 861 1630 900 cium.

302 930 359 966 P1.
397 927 490 967 iube
525 940 587 965 me
627 926 808 966 omittere
847 927 962 978 igitur
991 929 1064 966 hos
1093 927 1161 978 qui
1191 927 1370 966 retinent.
1431 929 1531 965 PAN.
1565 927 1631 977 qui
1653 937 1717 974 335

1145 992 1344 1031 retinent?
1401 993 1458 1030 P1.
1492 993 1633 1042 rogas?

300 1058 434 1097 omnia
455 1058 633 1097 membra
653 1056 844 1096 lassitudo
862 1057 958 1095 mihi
979 1059 1246 1096 tenet—PAN.
1275 1057 1449 1107 linguam
1470 1057 1631 1107 quidem

300 1131 359 1163 sat
380 1124 462 1162 scio
482 1124 553 1162 tibi
574 1137 654 1162 non
676 1131 820 1161 tenere.
882 1125 939 1161 P1.
973 1123 1025 1161 ita
1046 1123 1162 1162 celeri
1184 1122 1378 1162 curriculo
1399 1122 1453 1161 fui

302 1203 467 1240 propere
493 1203 515 1227 a
540 1196 655 1239 portu
677 1188 732 1226 tui
755 1188 915 1226 honoris
937 1200 1086 1227 caussa.
1147 1190 1248 1226 ΡΑΝ.
1281 1187 1425 1238 ecquid
1447 1188 1634 1238 adportas

1508 1253 1634 1292 boni?

246 1332 281 1363 15
304 1323 362 1360 ΡΙ,
395 1321 518 1359 nimio
542 1319 742 1370 ·linparti†
769 1321 894 1357 multo
923 1327 1031 1357 tanta
1058 1321 1146 1369 plus
1175 1332 1294 1370 quarn
1325 1331 1467 1369 speras.
1529 1320 1630 1357 PAN.

1402 1385 1512 1422 salua
1531 1396 1630 1422 sum.

306 1452 362 1488 Pi.
397 1459 435 1488 at
457 1464 531 1500 ego
552 1451 658 1501 perii,
683 1450 775 1501 quoi
798 1451 991 1489 medullas
1013 1449 1207 1488 lassitudo
1231 1450 1414 1500 perbibit.
1653 1458 1722 1493 340

304 1518 382 1555 GE.
408 1516 504 1566 quid
526 1530 610 1567 ego,
634 1515 727 1567 quoi
750 1515 892 1554 misero
909 1515 1102 1552 medullas
1123 1515 1270 1553 uentris
1290 1514 1464 1565 percepit
1486 1515 1636 1552 fames?

300 1576 401 1614 PAN.
425 1587 593 1625 ecquem
614 1575 867 1614 conuenisti?
907 1577 966 1615 P1.
990 1577 1146 1614 multos.
1190 1577 1291 1615 PAN.
1314 1586 1353 1616 at
1374 1577 1533 1617 uirum?
1573 1580 1630 1617 P1.

1196 1642 1382 1692 equidem
1404 1645 1631 1693 plurumos:

300 1719 435 1744 uerum
457 1719 504 1744 ex
525 1706 657 1744 multis
679 1706 909 1757 nequiorem
928 1708 1078 1745 nullum
1097 1707 1215 1757 quaim
1238 1707 1302 1746 hic
1323 1716 1391 1747 est.
1443 1709 1521 1747 GE.
1551 1722 1631 1759 quo

1481 1775 1631 1813 modo?

243 1851 282 1873 20
300 1838 377 1877 iam
398 1839 550 1877 dudum
578 1837 582 1890 Ι
608 1851 682 1887 ego
703 1839 820 1876 istum
842 1838 968 1889 patior
988 1839 1119 1878 dicere
1141 1839 1283 1878 iniuste
1304 1839 1412 1879 mihi.

299 1905 526 1953 praeterhac
547 1903 578 1941 si
600 1917 662 1941 me
683 1902 987 1941 inritassis—Pi.
1020 1905 1162 1954 edepol
1184 1904 1350 1943 essuries
1371 1906 1483 1943 male.
1650 1915 1714 1952 345

300 1969 373 2007 GE.
405 1968 583 2006 animum
622 1967 809 2007 inducam
849 1976 890 2006 ut
930 1968 1030 2007 istuc
1064 1983 1201 2007 uerum
1237 1977 1275 2008 te
1309 1971 1509 2009 elocutum
1545 1984 1630 2009 esse

1455 2035 1627 2075 arbitrer.

342 2148 401 2178 331
428 2139 470 2169 ad
495 2150 560 2170 om.
585 2138 617 2169 P
711 2148 774 2178 334
799 2138 880 2169 mihi
899 2139 932 2168 in
951 2138 1002 2169 P:
1029 2139 1117 2169 mein
1135 2138 1272 2180 Lipsius
1290 2138 1485 2180 (secundum
1503 2151 1629 2172 morem

298 2181 513 2221 Plautinum)
605 2192 677 2221 337.
697 2183 762 2221 338
786 2183 912 2213 inverso
929 2181 1039 2212 ordine
1054 2183 1086 2212 A
1177 2183 1242 2222 338
1265 2193 1372 2223 prope
1388 2183 1421 2213 A
1490 2184 1579 2214 domi
1594 2185 1627 2215 A

298 2235 362 2266 339
387 2227 490 2257 nimio
515 2226 653 2265 inparti]
675 2227 812 2263 nimiam
836 2225 899 2265 wel
914 2227 971 2264 pa)
998 2236 1048 2264 res
1066 2226 1111 2265 A,
1133 2226 1218 2257 unde
1234 2227 1337 2257 nimio
1356 2227 1388 2257 id
1406 2233 1500 2258 certe
1520 2226 1628 2263 Goetz.

297 2274 425 2307 Schoel!
491 2281 585 2306 tanto
602 2275 687 2305 Pius
705 2274 776 2305 (scd
788 2276 824 2315 (Υ.
845 2274 892 2305 ad
905 2267 991 2306 illm.
1006 2277 1087 2311 680)
1177 2284 1242 2314 340
1266 2274 1441 2306 medullam
1459 2275 1491 2306 P
1565 2286 1625 2316 341

297 2320 422 2350 misero
440 2321 492 2350 cui
510 2318 688 2349 medullam
701 2319 740 2359 P,
757 2319 979 2349 allium-atibus
995 2329 1061 2349 non
1070 2319 1205 2358 favente
1293 2317 1437 2359 percipit
1453 2319 1498 2352 A.
1515 2324 1627 2351 contm

299 2367 442 2393 mettum
532 2363 640 2393 uirum
661 2373 803 2402 ecquem
833 2362 882 2393 Px.
919 2363 1079 2402 plurimos
1103 2362 1136 2392 P
1287 2372 1350 2402 343
1374 2363 1423 2393 vel
1447 2373 1546 2402 quam
1573 2364 1626 2394 hic

297 2406 454 2446 (adverb.)
567 2416 630 2446 344
650 2405 730 2445 sort.
753 2406 989 2436 iamdudumne
1013 2406 1217 2446 indrgnantis
1303 2407 1414 2446 patior
1437 2416 1501 2445 ego
1525 2407 1623 2438 istum

296 2449 398 2481 Bothe
491 2449 571 2490 fort.
592 2448 796 2492 (iniustum)
814 2449 934 2481 iniuste
1078 2459 1140 2490 345
1165 2454 1297 2489 praeter
1312 2449 1395 2480 haee
1412 2449 1445 2480 A
