1747 2740
80 155 187 194 11.v
575 155 622 192 T.
656 154 837 193 MACCI
869 153 1074 192 PLAVTI

157 279 246 305 cum
284 264 576 304 Philocomasio
609 265 866 310 osculantem,
903 277 993 302 eum
1033 276 1106 314 ego
1145 261 1392 314 optruncabo
1431 274 1491 301 ex-

1301 328 1490 378 tempulo.

158 398 220 434 SC.
254 395 426 434 uisanest
455 409 501 433 ea
530 396 645 433 esse?
703 396 771 431 ΡΑ.
805 393 928 431 immo
959 394 1101 444 edepol
1132 394 1248 444 plane
1275 400 1366 431 east.
1426 394 1489 431 Sc.

1178 459 1248 496 sed
1269 472 1349 508 quo
1370 458 1492 496 modo

158 526 453 566 dissimulabat!
524 528 592 563 ΡΑ.
625 525 700 571 abi,
739 526 987 563 machaeram
1027 525 1104 562 huc
1138 525 1249 562 ecfer.
1320 524 1381 561 Sc.
1414 522 1490 561 iam

1161 590 1250 627 faxo
1269 588 1334 626 hic
1354 587 1491 627 erit.—

160 724 228 760 ΡΑ.
261 736 390 772 neque
424 735 545 772 eques
580 735 709 772 neque
743 722 865 771 pedes
899 722 1114 771 profectost
1145 719 1354 770 quisquam
1385 726 1493 757 tanta

1326 783 1493 822 audacia

99 869 138 902 55
160 853 227 904 qui
247 866 373 903 aeque
394 852 509 891 faciat
531 853 778 891 confidenter
799 851 1012 902 quicquam
1035 864 1154 901 quam
1175 849 1314 889 mulier
1334 849 1435 889 facit.
1511 854 1578 900 465

158 926 201 957 ut
221 918 432 968 utrubique
453 917 671 957 orationem
693 919 811 956 docte
833 917 966 956 diuisit
987 930 1110 964 suam,

157 990 200 1022 ut
220 982 428 1021 sublinitur
449 996 492 1021 os
514 982 670 1022 custodi
693 989 819 1029 cauto,
844 995 1039 1021 conseruo
1060 984 1174 1020 meo!

158 1049 265 1087 nimi'
286 1049 377 1087 beat
397 1050 505 1099 quod
527 1056 772 1087 commeatus
794 1047 1001 1086 transtinet
1022 1055 1127 1086 trans
1148 1047 1347 1099 parietem.

161 1177 222 1214 SC.
246 1175 356 1221 heus,
381 1173 606 1222 Palaestrio,
630 1175 839 1212 machaera
859 1173 957 1211 nihil
977 1182 1105 1224 opust.
1167 1175 1235 1212 ΡΑ.
1269 1172 1366 1223 quid
1387 1172 1496 1212 iam?

1205 1245 1272 1276 aut
1292 1237 1388 1288 quid
1408 1239 1496 1277 est?

100 1314 144 1347 60
163 1307 224 1344 SC.
258 1303 367 1343 domi
406 1316 541 1342 eccam
581 1303 714 1341 erilem
755 1301 1032 1341 concubinam.
1106 1304 1175 1341 ΡΑ.
1207 1302 1315 1352 quid,
1356 1302 1495 1341 domi?
1513 1313 1584 1348 470

1085 1369 1147 1406 Sc.
1180 1367 1219 1405 in
1239 1369 1342 1406 lecto
1362 1368 1491 1406 cubat.

163 1439 231 1475 ΡΑ.
265 1436 407 1485 edepol
428 1449 478 1473 ne
499 1442 540 1473 tu
563 1434 633 1472 tibi
655 1435 798 1472 malam
820 1447 902 1472 rem
924 1433 1142 1484 repperisti,
1163 1440 1205 1472 ut
1226 1432 1439 1483 praedicas.

162 1503 224 1541 Se.
257 1501 353 1552 quid
383 1501 490 1539 iam?
548 1502 616 1538 ΡΑ.
649 1499 742 1550 quia
776 1501 878 1538 hanc
907 1499 1098 1550 attingere
1127 1501 1257 1538 ausu’s
1291 1498 1494 1537 mulierem

1109 1565 1201 1604 hinc
1223 1578 1269 1604 ex
1289 1576 1491 1616 proxumo.

163 1635 224 1672 Sc.
258 1632 380 1684 magis
420 1634 549 1671 hercle
590 1639 734 1670 metuo.
815 1633 883 1670 ΡΑ.
916 1632 986 1670 sed
1027 1644 1246 1681 numquam
1284 1630 1493 1681 quisquam

1136 1697 1251 1736 faciet
1271 1696 1367 1748 quin
1387 1709 1496 1735 soror

165 1764 284 1802 istaec
305 1763 353 1802 sit
373 1763 530 1814 gemina
550 1763 689 1801 huius:
721 1777 806 1802 eam
829 1765 895 1813 pol
917 1771 958 1801 tu
981 1764 1226 1802 osculantem
1248 1761 1311 1800 hic
1327 1760 1492 1800 uideras.

104 1837 143 1878 65
166 1832 227 1868 Sc.
260 1829 300 1867 id
317 1829 477 1879 quidem
494 1830 623 1879 palam
639 1836 697 1867 est
714 1842 801 1867 eam
818 1842 913 1876 esse,
931 1836 973 1866 ut
989 1828 1106 1876 dicis3
1136 1827 1232 1878 quid
1249 1826 1409 1878 propius
1425 1825 1495 1864 fuit
1513 1835 1580 1872 475

165 1908 283 1945 quarn
305 1902 346 1932 ut
361 1894 538 1944 perirem,
562 1893 593 1932 si
615 1895 793 1932 clocutus
814 1908 940 1932 essem
963 1895 1058 1932 ero?
1107 1895 1174 1931 ΡΑ.
1207 1905 1309 1943 ergo,
1328 1891 1359 1930 si
1380 1890 1493 1941 sapis,

165 1959 412 1998 mussitabis:
444 1961 531 2010 plus
554 1967 708 2009 oportet
731 1959 828 1998 scire
850 1973 1005 1997 seruom
1029 1972 1146 2009 quam
1168 1957 1287 2009 loqui.

165 2038 238 2075 ego
258 2025 359 2063 abeo
379 2038 401 2062 a
422 2032 469 2071 te,
494 2038 544 2062 ne
565 2024 660 2074 quid
683 2032 813 2062 tecum
836 2024 973 2062 consili
996 2023 1288 2070 commisceam,

216 2130 269 2167 261
297 2129 522 2159 obstruncabo
551 2127 636 2169 [me]
668 2127 711 2158 l3¹
847 2129 910 2167 465
935 2129 1054 2158 mulier
1081 2128 1157 2158 facit
1183 2127 1312 2158 Luchs:
1347 2126 1498 2158 mulieris

167 2172 291 2203 faciunt
308 2172 373 2203 cod.
510 2173 573 2209 466
598 2173 718 2202 ductae
743 2171 807 2202 cod.
853 2183 930 2202 corr.
961 2172 1026 2208 3²)
1160 2172 1274 2203 diuisit
1297 2181 1390 2202 suam
1415 2169 1496 2201 Luc.

169 2215 321 2247 Mueller:
348 2216 431 2246 diuit
455 2220 583 2246 uttuam
604 2216 707 2255 tl-'CDJ
732 2215 781 2245 vel
802 2216 845 2245 (lu
871 2215 893 2245 it
919 2216 1045 2246 intuam
1069 2215 1143 2252 (Β1χῖ
1161 2215 1227 2246 cod.
1248 2228 1255 2246 :
1278 2216 1334 2246 ‘m‘x
1352 2215 1444 2246 ducit
1464 2215 1497 2244 in

170 2261 257 2290 uiam
390 2262 450 2297 467
477 2259 592 2289 accedi!
608 2260 639 2289 .·1
732 2259 817 2289 subl.
834 2259 885 2289 os*
905 2259 1126 2289 subliniturus
1138 2270 1230 2298 μοι-ν.
1246 2259 1308 2289 ΒἹὟ
1327 2258 1360 2289 Ρ
1441 2268 1497 2288 cu·

170 2304 284 2334 stodiit
301 2303 333 2333 P
347 2303 492 2343 (custodi
512 2307 546 2333 ut
560 2303 623 2342 13²)
758 2304 822 2341 469
846 2308 902 2332 aut
920 2303 996 2341 quid
1015 2302 1083 2341 est]
1104 2303 1191 2333 haud
1208 2302 1287 2342 quid
1308 2300 1427 2343 [opus]
1447 2307 1499 2332 est

170 2347 202 2378 P
331 2357 393 2385 472
420 2347 496 2376 hinc
524 2347 582 2378 cxl
611 2347 663 2376 hic
692 2346 724 2375 in
753 2345 784 2375 Ρ
913 2356 976 2384 473
1000 2346 1055 2384 qui
1083 2345 1116 2376 P
1254 2356 1316 2385 474
1363 2347 1428 2376 ista
1455 2346 1500 2376 sit

171 2400 329 2464 germarss
351 2391 382 2420 Ρ
472 2400 530 2429 175
559 2390 597 2420 Et
619 2389 651 2419 l>
676 2395 744 2430 «pro
769 2389 807 2428 lt,
830 2389 849 2419 ι’.
872 2400 895 2418 ι’.
921 2388 973 2428 ld)
1075 2390 1139 2430 476
1164 2388 1296 2421 locutus
1313 2389 1346 2426 P
1437 2389 1501 2429 478

171 2444 191 2467 a
207 2444 270 2464 om.
