1747 2740
757 132 983 170 RVDENS
1488 132 1540 169 11.
1563 131 1608 168 iv

1057 246 1063 262 9

118 256 187 290 420
208 258 271 284 me
296 252 490 283 attrectas.
550 245 612 283 Sc.
645 257 715 294 pro
743 243 782 282 di
812 243 1063 282 inmortale&
1099 243 1265 281 Veneris
1293 242 1420 293 effigia
1448 244 1545 281 haec

1288 308 1450 358 quidem
1474 316 1542 346 est.

204 383 245 414 ut
266 375 305 414 in
327 375 461 415 ocellis
483 375 696 414 hilaritudo
717 383 789 421 est,
811 375 909 422 heia,
934 388 1076 425 corpus
1098 374 1364 425 quoiusmodi‚

201 441 646 481 subuolturium—illud
667 441 843 491 quidem,
868 444 876 460 ‘
890 440 1165 490 subaquilum'
1187 440 1295 479 uolui
1317 440 1513 488 dicere—‚

202 509 266 546 uel
287 506 455 558 papillae
476 506 744 557 quoiusmodi,
769 515 852 545 tum
874 520 976 556 quae
998 506 1152 544 indoles
1173 505 1213 544 in
1235 505 1405 544 sauiost!
1567 517 1605 539 10

202 574 283 612 AM.
326 586 407 611 non
437 586 510 623 ego
540 586 628 611 sum
658 574 833 623 pollucta
862 585 974 622 pago.
1036 571 1147 622 potin
1178 579 1220 610 ut
1251 585 1314 610 me
1343 571 1542 622 apstineas

1350 651 1511 676 manum
1527 639 1543 676 ?

112 713 178 751 425
201 705 262 742 Sc.
296 717 377 742 non
398 703 489 742 licet
510 707 577 742 †te
599 703 654 741 sic
675 703 830 754 placide
852 704 1027 744 bellam†
1049 703 1152 741 belle
1173 705 1362 753 tangere?

200 771 284 807 AM.
315 770 441 808 otium
462 768 531 807 ubi
552 769 633 816 erit,
657 777 741 807 tum
763 769 835 807 tibi
856 782 1017 819 operam
1040 770 1135 807 ludo
1157 776 1194 807 et
1219 768 1385 807 deliciae
1410 769 1543 816 dabo,-

200 848 307 873 nunc
327 848 447 885 quam
475 835 528 872 ob
555 848 638 873 rem
665 835 743 873 huc
771 847 858 872 sum
888 833 1018 881 missa,
1041 834 1201 881 amabo,
1221 835 1285 872 uel
1310 842 1351 872 tu
1380 834 1433 872 mi
1460 834 1540 872 aias

1323 901 1385 938 uel
1407 913 1536 950 negeS.

199 965 260 1003 Sc.
303 965 399 1015 quid
439 978 545 1003 nunc
585 965 674 1003 uis?
748 967 831 1002 AM.
875 965 1042 1015 sapienti
1082 972 1243 1003 ornatus
1283 965 1379 1015 quid
1419 965 1538 1003 uelim
1563 979 1599 1010 ¹5

1220 1030 1411 1068 indicium
1434 1030 1535 1069 facit.

197 1097 259 1134 Sc.
293 1097 395 1134 meu’
423 1108 585 1145 quoque
614 1094 679 1133 hic
707 1094 875 1145 sapienti
902 1103 1064 1133 ornatus
1085 1094 1183 1145 quid
1205 1095 1324 1134 uelim
1346 1095 1537 1134 indicium

1433 1161 1535 1199 facit.

107 1234 178 1268 430
197 1226 279 1262 AM.
313 1226 410 1263 haec
447 1225 630 1263 sacerdos
662 1224 828 1263 Veneris
861 1224 955 1263 hinc
987 1238 1051 1262 me
1082 1232 1216 1276 petere
1247 1238 1392 1275 aquam
1428 1225 1538 1264 iussit

693 1342 697 1347 .
1415 1291 1535 1344 <sibi>.

195 1357 257 1395 SC.
289 1364 328 1394 at
350 1370 424 1407 ego
445 1356 630 1395 basilicus
652 1370 738 1394 sum
757 1372 763 1395 z
795 1370 915 1407 quem
936 1356 1011 1395 nisi
1033 1370 1120 1395 oras
1141 1364 1292 1407 guttam
1319 1371 1399 1395 non
1426 1359 1535 1397 feres.

194 1430 330 1460 nostro
350 1422 461 1460 illurn
482 1429 647 1472 puteum
668 1421 817 1472 periclo
838 1430 876 1460 et
898 1423 1143 1461 ferramentis
1165 1422 1349 1461 fodimus.

195 1487 269 1525 nisi
290 1487 423 1526 multis
445 1487 647 1526 blanditiis
667 1501 690 1525 a
712 1501 775 1525 me
795 1495 905 1537 gutta
926 1501 1008 1526 non
1029 1488 1117 1526 ferri
1139 1496 1280 1538 potest.
1561 1504 1600 1526 20

195 1555 277 1591 AM.
310 1566 383 1603 qur
404 1561 445 1591 tu
465 1566 611 1603 aquam
631 1566 805 1603 grauare,
827 1553 983 1600 amabo,
1008 1566 1127 1603 quarn
1154 1554 1278 1592 hostis
1304 1554 1408 1593 hosti
1433 1568 1535 1594 corn-

1372 1623 1538 1660 modat?

107 1695 174 1732 435
197 1685 258 1723 SC.
291 1697 364 1734 qur
385 1692 426 1722 tu
447 1698 608 1734 operam
629 1698 790 1735 grauare
812 1685 908 1723 mihi
930 1698 1049 1735 quarn
1067 1685 1165 1723 ciuis
1183 1685 1259 1724 ciui
1277 1688 1538 1726 commodat?

197 1752 279 1788 AM.
312 1750 436 1788 immo
475 1749 592 1788 etiam
633 1749 717 1798 tibi,
753 1763 841 1789 mea
875 1752 1071 1800 uoluptas,
1108 1764 1211 1801 quac
1251 1753 1361 1790 uoles
1397 1752 1536 1790 faciani

1390 1831 1534 1856 omma.

195 1881 256 1919 Sc.
289 1884 487 1931 eugepae!
528 1882 658 1919 saluos
686 1894 784 1927 sum,
816 1882 914 1920 haec
942 1881 1019 1920 iam
1051 1896 1114 1920 me
1145 1896 1256 1920 suam
1289 1884 1535 1932 uoluptatem

1405 1957 1531 1987 uocat.

193 2011 350 2050 dabitur
370 2012 439 2050 tibi
461 2025 574 2062 aqua,
598 2027 648 2051 ne
668 2013 912 2063 nequiquam
935 2013 998 2051 me
1018 2027 1139 2051 ames.
1181 2015 1282 2052 cedo
1304 2014 1357 2051 mi
1379 2027 1528 2052 urnam.
1555 2027 1592 2059 ²5

1305 2082 1386 2117 AM.
1421 2093 1528 2129 cape.

191 2156 368 2193 propera,
391 2143 545 2190 amabo,
569 2146 724 2183 ecferre.
786 2146 847 2183 Sc.
881 2153 1026 2191 manta,
1050 2145 1126 2183 iam
1157 2145 1220 2183 hic
1245 2159 1323 2192 ero,
1348 2147 1531 2195 uoluptas

1377 2225 1531 2249 mea.—

237 2323 300 2352 425
325 2313 375 2354 te]
403 2313 521 2344 saltem
549 2312 614 2343 Leo
705 2314 872 2353 placidule
892 2314 1066 2344 Fleckeisen
1145 2315 1226 2354 sort.
1251 2315 1419 2345 belliatam
1444 2315 1532 2346 belle

193 2366 257 2396 430
280 2357 341 2387 sibi
362 2358 404 2398 (ἓ)
423 2356 510 2388 Leo:
533 2368 552 2388 a
569 2357 663 2387 uobis
680 2357 746 2389 cod.
768 2363 892 2398 (marg.
906 2359 1008 2398 gloss
1028 2359 1062 2388 ιή
1080 2359 1157 2389 hinc
1169 2361 1194 2388 Γ)
1285 2370 1303 2389 a
1322 2359 1417 2389 uobis
1434 2359 1530 2391 iussit

194 2405 312 2442 petere
330 2411 451 2442 aquam
474 2401 597 2440 Ussing
707 2411 770 2443 432
798 2408 914 2434 nostro
933 2402 1003 2433 Ital.
1021 2414 1026 2432 :
1054 2413 1116 2432 nos
1135 2413 1195 2446 pro
1212 2403 1277 2436 cod,
