1747 2740
173 130 240 170 ΙΙΙ
275 131 288 168 i
693 131 738 171 T.
773 133 953 173 MACCI
986 132 1191 173 PLAVTI

388 255 525 281 uerum
547 242 582 281 ei
603 242 656 282 rei
678 256 838 292 operam
860 243 913 281 do
934 256 984 281 ne
1004 243 1068 281 alii
1090 243 1224 282 dicant
1244 243 1380 295 quibu'
1401 244 1503 284 licet.

216 317 258 349 45
387 309 478 346 SAT.
511 307 616 347 dicat
638 309 747 358 quod
768 307 936 358 quisque
957 310 1040 347 uolt
1055 323 1065 357 3
1095 322 1168 360 ego
1189 310 1239 348 de
1260 310 1334 348 hac
1355 309 1551 349 sententia

386 389 467 413 non
489 376 744 415 demouebor.
806 377 869 413 Vl.
901 382 952 422 at,
976 388 1066 413 meo
1087 376 1119 412 si
1140 375 1254 414 liceat
1276 375 1410 422 modo,

386 440 582 491 sapienter
602 440 732 491 potius
754 439 872 479 facias
893 453 1013 490 quam
1042 441 1169 478 stulte.
1230 441 1321 479 SAT.
1354 440 1476 479 lubet.
1633 449 1699 486 375

385 509 448 544 V1.
482 507 616 545 lubere
638 506 709 545 tibi
729 519 797 557 per
818 520 881 545 me
902 505 1019 544 licere
1040 505 1225 556 intellego
1242 520 1252 553 3

386 586 522 610 uerum
544 572 679 610 lubere
699 573 777 610 hau
799 571 924 619 liceat,
948 570 979 609 si
1000 571 1134 610 lubeat
1155 570 1262 609 mihi.

216 647 258 680 50
385 640 476 677 SAT.
508 639 638 676 futura
658 651 699 676 es
720 637 828 676 dicto
850 636 1070 676 oboediens
1090 649 1140 674 an
1162 650 1243 675 non
1265 636 1396 687 patri?

389 706 448 742 Vl.
481 705 619 742 futura.
680 705 770 743 SAT.
803 703 879 743 scis
909 717 1001 742 nam
1033 703 1103 742 tibi
1143 717 1244 755 quae
1273 704 1487 755 praecepi?
1544 706 1608 742 Vx.

1464 769 1608 809 omnia.

384 838 474 875 SAT.
508 844 546 875 et
567 844 608 875 ut
630 837 669 875 u1'
690 844 870 887 surrupta
891 835 1040 875 fueris?
1097 837 1161 874 Vr.
1194 837 1312 875 docte
1337 837 1471 874 calleo.
1631 840 1700 884 380

385 904 475 941 SAT.
508 910 546 940 et
573 902 641 953 qui
662 910 843 953 parentes
866 902 1041 940 fuerint?
1098 904 1162 940 V1.
1196 902 1325 942 habeo
1345 901 1386 940 in
1407 901 1609 941 memoria.

384 967 620 1006 necessitate
642 981 704 1006 me
726 969 829 1006 mala
849 975 892 1006 ut
913 969 1004 1006 fiam
1026 967 1132 1006 facis.

215 1047 255 1081 55
384 1045 520 1071 uerum
542 1031 688 1079 uidem,
712 1046 776 1071 me
796 1032 865 1071 ubi
885 1034 996 1071 uoles
1018 1040 1186 1083 nuptum
1208 1033 1312 1080 dare,

382 1111 432 1137 ne
453 1099 551 1136 haec
571 1099 676 1136 sama
696 1097 812 1137 faciat
833 1098 1064 1148 repudiosas
1086 1098 1253 1148 nuptias.

383 1165 473 1202 SAT.
507 1170 603 1210 tace‚
628 1165 756 1202 stulta.
799 1177 880 1202 non
902 1171 943 1202 tu
965 1177 1072 1202 nunc
1093 1163 1302 1202 hominum
1324 1177 1453 1203 mores
1467 1164 1592 1212 uides,
1628 1167 1694 1210 385

382 1228 528 1279 quoiiu'
549 1229 657 1268 modi
680 1229 743 1268 hic
764 1243 856 1268 curn
877 1231 981 1267 mala
1001 1230 1106 1267 fama
1126 1229 1239 1268 facile
1261 1228 1449 1268 nubitur?

382 1295 478 1333 dum
499 1296 572 1333 dos
593 1294 651 1341 sit,
677 1295 828 1332 nullum
850 1294 991 1333 uitium
1014 1294 1112 1332 uitio
1133 1294 1307 1333 uortitur.

212 1364 255 1395 60
381 1361 445 1398 Vr.
478 1373 569 1410 ergo
590 1359 690 1398 istuc
711 1359 829 1399 facito
850 1368 892 1398 ut
913 1360 1047 1399 ueniat
1068 1360 1107 1398 in
1130 1368 1304 1399 mentem
1326 1358 1395 1398 tibi

382 1439 444 1463 me
465 1438 550 1464 esse
571 1425 802 1464 indotatam.
861 1427 952 1464 SAT.
985 1438 1083 1464 caue
1104 1425 1156 1464 sis
1177 1433 1218 1463 tu
1240 1425 1340 1464 istuc
1361 1425 1513 1465 dixeris.

380 1493 446 1541 pol
468 1492 587 1530 deum
609 1491 752 1530 uirtute
773 1491 904 1530 dicam
926 1500 963 1530 et
986 1492 1178 1530 maiorum
1200 1505 1344 1539 meum,
1629 1501 1700 1537 390

381 1569 431 1594 ne
452 1563 489 1594 te
510 1555 728 1595 indotatam
751 1556 860 1595 dicas
881 1556 975 1606 quoi
998 1557 1070 1595 dos
1092 1556 1139 1595 sit
1161 1556 1270 1595 domi
1290 1571 1297 1594 ε

381 1621 569 1660 librorum
591 1621 772 1660 eccillum
794 1622 924 1661 habeo
946 1624 1107 1672 plenum
1130 1635 1322 1660 soracum.

209 1691 252 1732 65
381 1687 411 1724 si
433 1688 509 1725 hoc
529 1687 748 1726 adcurassis
769 1687 910 1737 lepide,
935 1687 1029 1738 quoi
1050 1687 1102 1726 rei
1125 1701 1285 1737 operam
1306 1689 1458 1735 damus,

379 1753 579 1790 dabuntur
598 1751 702 1790 dotis
724 1751 794 1790 tibi
815 1752 908 1791 inde
929 1752 1096 1791 sescenti
1118 1753 1218 1803 logei

378 1824 496 1866 atque
519 1817 638 1855 Attici
660 1831 823 1865 omnes3
854 1820 1006 1857 nullum
1029 1818 1205 1858 Siculum
1226 1819 1424 1870 acceperis
1443 1835 1450 1857 :
1624 1829 1690 1865 395

377 1896 468 1921 curn
491 1884 563 1922 hac
585 1884 678 1923 dote
699 1884 844 1934 poteris
866 1886 928 1924 uel
953 1885 1138 1924 mendico
1160 1886 1318 1925 nubere.

377 1950 441 1986 V1.
474 1948 569 1999 quin
591 1957 631 1987 tu
654 1963 717 1988 me
737 1950 859 1997 ducis,
885 1951 914 1989 si
938 1965 1018 2001 quo
1039 1953 1250 1998 ducturu’s‚
1275 1953 1412 2001 pater?

209 2023 250 2058 70
377 2015 439 2053 uel
461 2022 502 2053 tu
525 2028 588 2054 me
608 2017 739 2055 uende
761 2018 824 2054 uel
847 2016 1084 2067 face—quid
1107 2016 1176 2055 tibi
1198 2017 1318 2056 lubet.

310 2129 374 2157 372
399 2119 506 2149 uirum
529 2119 562 2150 P
669 2122 734 2161 376
760 2131 821 2161 per
845 2131 898 2151 me
923 2121 981 2152 tibi
1008 2121 1039 2152 Ρ
1170 2131 1233 2160 377
1261 2121 1359 2152 liceat
1379 2122 1406 2153 si
1427 2121 1525 2153 liceat
1546 2122 1600 2153 A:

267 2161 377 2193 lubeat
402 2164 429 2193 si
455 2164 553 2194 liceat
580 2163 726 2197 Pistoris.
754 2165 793 2205 cs.
814 2165 903 2204 θνα-ν
928 2164 1047 2195 «class.
1073 2163 1150 2195 Rev.
1176 2176 1224 2203 ¹4·
1245 2167 1302 2203 245
1436 2175 1500 2204 379
1525 2176 1601 2196 nam

264 2205 422 2245 dzsplicel:
448 2207 510 2238 iam
529 2207 663 2248 quffirl
760 2209 824 2247 380
841 2214 873 2238 et
886 2209 917 2238 id
937 2214 971 2238 ut
990 2219 1015 2239 s,
1038 2207 1069 2237 P
1182 2209 1246 2247 386
1262 2208 1395 2248 quoiuis
1412 2219 1455 2240 m.
1469 2207 1603 2240 Guietus

263 2250 326 2288 387
352 2250 500 2291 sit]etA
593 2262 658 2291 390
683 2253 757 2292 dico
772 2252 802 2281 A
880 2261 940 2290 39¹
971 2253 1001 2281 ni
1017 2252 1048 2281 A
1127 2262 1192 2291 392
1204 2252 1347 2283 eccillud
1360 2251 1599 2283 Sonnenschm'u

265 2292 383 2325 ¹slass.
406 2293 483 2326 Rev.
503 2296 535 2328 6.
555 2298 646 2334 400³,
668 2296 722 2333 (ex
745 2296 853 2326 Paulo
881 2297 954 2333 296.
981 2297 1039 2335 qus
1061 2299 1170 2326 lamen
1196 2305 1349 2327 soracum
1371 2301 1433 2337 pro
1459 2306 1596 2328 soracus

260 2341 430 2376 perperam
451 2340 599 2378 posuisse
624 2339 766 2376 videtum·
799 2339 833 2378 (ij
869 2338 969 2370 (lass.
1000 2339 1077 2369 Rev.
1107 2350 1136 2378 5,
1156 2340 1189 2379 9*
1305 2340 1442 2380 plenum
1471 2340 1597 2381 [illum]

263 2380 296 2453 „li
313 2392 319 2410 :
334 2382 414 2453 syri.
437 2383 573 2422 plcllum
588 2384 638 2424 μβ
655 2383 847 2422 Ροειι.314)
968 2392 1032 2423 394
1056 2383 1145 2423 longi
1166 2383 1197 2414 P
1326 2384 1390 2422 398
1412 2382 1512 2425 (mc)
1529 2383 1599 2414 sace

280 2425 388 2455 xt'lscll
