1747 2740
198 167 229 205 Ι.
250 164 294 201 iii
673 165 720 201 T.
753 164 934 203 MACCI
966 165 1170 202 PLAVTI

249 284 288 316 et
309 284 350 316 ut
370 278 515 316 adfleat
536 290 657 327 quom
680 290 726 315 ea
746 283 948 314 memoret.
1009 277 1099 315 SAT.
1133 276 1250 315 etiam
1274 285 1315 316 tu
1337 279 1474 317 taces?

250 351 306 382 ter
327 351 436 381 tanto
459 342 567 393 peior
588 342 672 393 ipsa
692 350 751 381 cst
771 356 890 393 quam
912 342 1018 380 illam
1039 350 1081 381 tu
1103 357 1189 382 esse
1210 344 1280 382 uis.

249 410 324 446 To.
357 408 489 459 lepide
510 409 640 446 hercle
661 407 770 446 dicis.
831 408 901 445 sed
923 407 1005 445 scin
1028 408 1124 458 quid
1146 408 1295 447 facias?
1333 423 1431 460 cape

191 487 206 523 7
213 489 230 520 5
250 473 425 512 tunicam
446 480 565 523 atque
587 486 737 519 zonam,
761 479 800 511 et
820 473 1071 523 chlamydem
1092 475 1245 513 adferto
1267 482 1304 513 et
1325 488 1508 514 causeam
1609 486 1670 523 155

250 552 369 590 quam
400 538 463 577 ille
494 538 638 577 habeat
669 538 734 588 qui
771 540 874 577 hanc
904 538 1037 577 lenoni
1068 539 1161 578 huic
1191 541 1489 579 uendat——SAT.
1522 554 1585 588 eu,

1437 606 1561 656 probe
1579 610 1586 644 1

248 671 324 709 To.
356 668 468 720 quasi
496 669 544 708 sit
572 668 809 719 peregrinus.
871 670 962 707 SAT.
995 670 1126 708 laudo.
1186 671 1261 708 To.
1294 678 1332 709 et
1357 679 1399 709 tu
1426 679 1584 721 gnatam

1476 744 1585 775 tuam

249 807 428 840 ornatam
448 801 604 839 adduce
625 799 756 850 lepide
777 799 817 838 in
838 800 1089 851 peregrinum
1111 802 1287 839 modum.

249 867 339 905 SAT.
373 866 488 905 πόθεν
508 867 770 904 ornamenta?
826 867 900 904 To.
934 865 1003 916 aps
1026 867 1198 916 chorago
1220 866 1392 916 sumit03

187 941 230 972 80
249 933 342 971 dare
363 932 482 970 debet
499 947 506 970 :
537 932 764 982 praebenda
783 930 930 970 aediles
951 933 1192 970 locauerunt.
1608 939 1675 974 160

249 999 339 1036 SAT.
372 997 450 1036 iam
471 999 560 1035 faxo
581 996 645 1035 hic
665 998 844 1035 aderunt.
903 998 974 1035 sed
994 1010 1067 1047 ego
1089 996 1185 1035 nihil
1207 999 1359 1037 horunc
1379 998 1472 1038 scio.

247 1065 322 1102 To.
355 1063 452 1101 nihil
473 1064 603 1102 hercle
625 1076 730 1101 uero.
789 1076 881 1101 nam
902 1062 970 1102 ubi
991 1076 1065 1114 ego
1085 1071 1290 1114 argentum
1311 1077 1513 1115 accepero,

246 1129 437 1168 continuo
458 1136 499 1167 tu
520 1128 627 1167 illam
649 1142 672 1167 a
693 1130 837 1167 lenone
857 1128 1030 1167 adserito
1051 1142 1184 1167 manu.

246 1195 336 1233 SAT.
369 1193 443 1232 sibi
464 1194 622 1242 habeat,
643 1193 674 1231 si
696 1207 777 1232 non
799 1195 999 1244 extemplo
1019 1194 1071 1232 ab
1091 1207 1139 1233 eo
1159 1194 1430 1233 abduxera—

186 1271 225 1311 85
245 1262 320 1298 To.
352 1259 416 1298 abi
438 1267 476 1298 et
497 1259 597 1298 istuc
618 1273 722 1298 cura.
782 1259 939 1298 interibi
961 1272 1034 1309 ego
1055 1273 1221 1310 puerum
1242 1262 1336 1298 uolo
1610 1267 1671 1311 165

247 1325 400 1364 mittere
419 1326 470 1364 ad
491 1325 659 1364 amicam
683 1339 822 1372 meam,
848 1333 890 1363 ut
911 1326 1056 1363 habeat
1077 1324 1253 1363 animum
1275 1326 1438 1372 bonum,

247 1393 339 1430 med
360 1405 445 1430 esse
466 1393 707 1430 ecfecturum
728 1391 858 1430 hodie.
922 1391 1028 1429 nimi'
1051 1392 1214 1441 longum
1235 1392 1443 1440 loquor.—

743 1599 1081 1663 ACTvs,n

135 1715 226 1753 II.i
409 1713 873 1751 SOPHOCLIDISCA
987 1713 1426 1751 LEMNISELENIS

247 1812 311 1850 So.
345 1812 436 1850 Sati’
457 1811 528 1850 fuit
550 1811 744 1858 indoctae,
769 1810 989 1859 inmemori,
1014 1812 1214 1862 insipienti
1236 1812 1367 1851 dicere
1387 1812 1542 1852 totiens.

246 1877 354 1915 nimi’
370 1878 532 1916 tandem
554 1890 618 1915 me
634 1876 796 1927 quidem
819 1889 889 1926 pro
912 1878 1033 1915 barda
1054 1885 1091 1915 et
1113 1891 1184 1928 pro
1205 1877 1347 1916 rustica
1369 1891 1454 1916 reor
1474 1878 1582 1916 habi-

1233 1951 1313 1982 tam
1334 1956 1420 1982 esse
1439 1957 1509 1994 aps
1530 1952 1578 1982 te.

248 2021 489 2059 quamquam
511 2021 584 2058 ego
601 2007 738 2046 uinum
760 2007 866 2054 bibo,
885 2015 923 2046 at
946 2009 1131 2047 mandata
1153 2021 1233 2047 non
1256 2009 1444 2047 consueui
1466 2009 1582 2047 simul
1608 2020 1674 2054 170

1336 2074 1470 2113 bibere
1492 2088 1580 2112 una.

249 2153 312 2178 me
333 2139 494 2190 quidem
517 2138 594 2177 iam
616 2139 698 2177 sati’
720 2138 790 2177 tibi
819 2146 1034 2189 spectatam
1063 2140 1275 2178 censebam
1301 2153 1387 2178 esse
1407 2148 1445 2178 et
1473 2153 1583 2178 meos

1441 2217 1579 2243 mores.

297 2318 353 2347 154
371 2309 426 2348 qui
445 2308 511 2340 cod.
583 2319 640 2349 ¹57
666 2314 799 2349 gnatam
818 2314 907 2340 tuam
921 2308 1134 2339 Camerarius
1149 2320 1155 2339 :
1180 2314 1270 2339 tuam
1288 2313 1421 2347 gnatam
1436 2307 1580 2349 [tamen]

249 2352 315 2382 cod.
471 2354 529 2392 165
554 2363 633 2384 cura
658 2353 793 2384 interibi
817 2363 881 2392 ego
903 2353 1094 2384 Acidalms:
1133 2363 1245 2383 curam
1270 2363 1322 2382 me
1346 2352 1404 2382 tibi
1428 2362 1492 2391 ego
1514 2351 1582 2382 cod.

254 2398 312 2435 167
332 2407 384 2427 me
397 2397 456 2435 (ita
467 2397 552 2438 cod.)
567 2408 595 2428 e.
611 2408 639 2429 e.
651 2396 758 2439 (hoc)
771 2397 871 2426 hodic
888 2396 1020 2426 Guscms
1106 2397 1166 2427 168
1179 2395 1335 2428 accedn'tA
1408 2396 1542 2427 indotae
1555 2394 1586 2426 P

254 2450 310 2479 171
338 2441 412 2482 tibi]
433 2441 463 2471 bi
481 2440 514 2472 P
609 2451 806 2473 censueram
826 2440 857 2472 Ρ
