1747 2740
592 147 764 185 MILES
795 147 1110 186 GLORIOSVS
1465 153 1518 189 II.
1540 162 1571 188 v

182 255 294 294 abeo.
354 256 416 294 SC.
448 255 556 295 abire
577 269 657 295 non
679 255 805 294 sinam
828 263 876 294 te.
940 258 1014 294 Pu.
1048 256 1172 295 mitte.
1230 259 1292 296 SC.
1326 261 1520 298 manufes-

1379 325 1517 364 taria's.

94 399 160 436 445
182 400 262 424 non
279 386 430 425 omitto.
492 389 565 425 ΡΗ.
598 395 637 425 at
660 387 735 425 iam
758 388 977 437 crepabunt
1000 387 1094 425 mihi
1118 402 1268 435 manus,
1288 391 1413 428 malae
1435 390 1515 436 tibi,
1539 403 1577 434 35

183 451 255 489 nisi
295 465 358 490 me
396 451 555 490 omittis.
627 456 689 491 SC.
723 452 832 502 quid,
871 454 1029 499 malum,
1066 455 1200 491 astas?
1239 454 1334 504 quin
1375 455 1518 494 retines

1261 519 1517 558 altrinsecus?

182 583 250 620 ΡΑ.
283 582 337 620 nil
358 596 489 621 moror
509 583 759 633 negotiosum
782 582 879 620 mihi
900 597 986 621 csse
1007 590 1169 633 tergum.
1230 583 1297 634 qui
1318 584 1401 623 scio

179 660 229 685 an
251 646 324 685 ista
344 661 425 685 non
447 648 495 686 sit
518 647 855 686 Philocomasium
876 655 996 698 atque
1016 648 1092 686 alia
1113 648 1195 686 eius
1217 648 1353 687 similis
1375 649 1477 688 siet?

181 713 255 751 PH.
289 712 409 751 mittis
426 726 490 751 me
509 727 560 751 an
582 727 662 752 non
685 713 836 751 mittis?
893 715 956 752 Sc.
990 713 1112 752 immo
1141 715 1181 752 ui
1207 722 1326 765 atque
1351 715 1515 754 inuitam

1328 780 1513 831 ingratiis,

90 854 161 892 450
179 843 253 882 nisi
280 846 484 884 uoluntate
514 844 600 892 ibis,
624 844 772 895 rapiam
800 852 838 884 te
866 846 1042 884 domum.
1104 847 1178 884 PH.
1212 845 1409 885 hosticum
1438 848 1515 885 hoc
1534 864 1576 895 40

1418 912 1515 950 mihi

177 975 423 1014 domicilium
453 983 522 1024 est,
546 976 715 1015 Athenis
743 977 886 1015 domus
914 984 972 1015 est
999 984 1118 1028 atque
1146 991 1233 1016 erus
1249 992 1258 1025 3
1298 991 1371 1028 ego
1400 977 1514 1015 istam

1348 1044 1515 1082 domum

176 1121 306 1158 neque
327 1122 458 1147 moror
478 1122 608 1159 neque
629 1122 702 1147 uos
723 1109 791 1159 qui
812 1109 994 1147 homines
1016 1109 1098 1147 sitis
1120 1110 1214 1148 noui
1236 1124 1366 1160 neque
1387 1110 1480 1150 scio.

176 1175 238 1213 SC.
291 1175 377 1225 lege
408 1174 538 1226 agito:
583 1182 622 1213 te
660 1188 857 1225 nusquam
894 1174 1061 1223 mittam,
1096 1175 1170 1213 nisi
1210 1177 1280 1214 das
1320 1177 1514 1214 firmatam

673 1279 676 1285 .
1393 1242 1513 1280 fidem

176 1312 214 1344 te
244 1306 336 1354 huc,
365 1304 397 1343 si
428 1304 609 1352 omisero,
643 1305 745 1344 intro
775 1305 928 1344 ituram.
989 1307 1063 1344 PH.
1097 1305 1136 1344 ui
1167 1319 1230 1345 me
1260 1306 1378 1356 cogis,
1412 1306 1514 1357 quis-

1348 1371 1435 1422 quis
1456 1386 1508 1411 es.

85 1451 153 1489 455
174 1437 227 1474 do
248 1437 380 1483 fidem,
404 1435 435 1474 si
456 1435 618 1484 omittis,
639 1436 715 1475 isto
737 1450 800 1475 me
821 1436 924 1475 intro
945 1436 1086 1475 ituram
1108 1450 1188 1486 quo
1210 1436 1332 1476 iubes.
1528 1455 1570 1487 45

173 1503 235 1540 SC.
268 1514 361 1539 ecce
391 1501 556 1539 omitto!
615 1503 690 1540 PH.
721 1510 760 1540 at
795 1515 868 1552 ego
907 1503 1009 1541 abeo
1044 1502 1294 1541 missa—SC.
1328 1503 1510 1542 muliebri

1306 1568 1397 1606 fecit
1418 1570 1507 1608 fide.

173 1634 242 1670 ΡΑ.
275 1633 470 1679 Sceledre,
500 1632 683 1671 manibus
713 1632 877 1671 amisisti
907 1633 1105 1683 praedam.
1166 1632 1245 1671 tam
1276 1640 1358 1671 east
1389 1647 1508 1684 quam

1403 1708 1507 1749 potis

171 1772 305 1803 nostra
325 1762 427 1802 erilis
449 1763 684 1802 concubina.
745 1763 813 1801 uin
834 1771 875 1802 tu
897 1764 1024 1802 facere
1046 1765 1122 1802 hoc
1144 1766 1330 1802 strenue?

170 1832 232 1870 Sc.
265 1829 361 1880 quid
391 1828 563 1867 faciam?
620 1831 690 1867 PA.
722 1831 826 1868 ecfer
860 1829 957 1867 mihi
992 1830 1239 1867 machaeram
1275 1831 1353 1868 huc
1387 1830 1502 1869 intus.

1076 1896 1139 1932 Sc.
1172 1894 1269 1945 quid
1290 1895 1409 1934 facies
1430 1898 1505 1934 ea?

83 1969 151 2012 460
171 1965 239 2002 ΡΛ.
272 1963 373 2001 intro
395 1975 575 2013 rumpam
596 1969 701 2001 recta
721 1961 760 1999 in
781 1960 914 2000 aedis:
945 1973 1144 2011 quemque
1160 1960 1224 1999 hic
1241 1960 1346 1999 intus
1367 1961 1504 2000 uidero
1524 1978 1566 2011 50

213 2081 275 2109 444
297 2079 338 2100 m.
356 2079 394 2098 es
408 2067 534 2098 Ritschl
549 2080 555 2099 :
573 2079 614 2099 m.
638 2078 692 2098 res
704 2071 756 2098 est
767 2065 833 2097 cod.
850 2064 896 2105 (v.
911 2064 946 2103 35
1061 2074 1124 2103 445
1144 2065 1208 2095 iam
1222 2075 1268 2095 cr.
1290 2065 1369 2095 mihi
1381 2064 1505 2095 Bothe:

171 2114 234 2144 iam
252 2123 296 2143 cr.
316 2123 392 2143 mm
417 2113 496 2142 mihi
516 2113 548 2142 in
571 2123 675 2152 marg.
695 2110 814 2149 addito,
841 2112 878 2139 ut
893 2107 956 2139 vid.
983 2107 1048 2139 cod.
1070 2108 1164 2148 (mihi
1191 2113 1266 2138 ante
1287 2109 1352 2138 iam
1373 2108 1414 2143 Β,
1435 2120 1500 2139 om.

169 2157 259 2192 pen)
393 2158 458 2194 446
482 2157 562 2196 quin
590 2156 718 2186 retines
748 2152 909 2194 Pylades:
944 2151 1000 2191 qui
1029 2153 1172 2183 detenes
1197 2153 1291 2190 (-tin-
1317 2152 1405 2193 PCD)
1435 2153 1499 2183 cad.

171 2201 267 2240 <quid
287 2204 320 2231 te
338 2205 436 2230 tenes
453 2199 517 2234 B2)
644 2200 708 2238 448
733 2198 782 2229 vel
807 2198 911 2227 istaec
1003 2196 1053 2226 vel
1077 2196 1119 2226 sit
1143 2196 1203 2235 (ita
1225 2195 1310 2235 cod.)
1438 2207 1502 2235 449

169 2245 306 2275 inuitam
331 2243 404 2275 Ital.
422 2255 427 2274 :
454 2243 520 2274 uita
536 2242 601 2274 cod.
717 2253 781 2282 450
799 2240 975 2271 uoluntate
988 2240 1050 2269 ibis
1066 2239 1279 2270 Camerarius
1296 2252 1302 2270 :
1326 2239 1501 2279 uoluptate

170 2290 254 2326 (-em
268 2288 314 2321 B}
334 2288 376 2319 ibi
395 2288 462 2318 cod.
553 2286 718 2318 hosticum
731 2285 862 2324 Lipsius
879 2296 885 2315 z
903 2284 1048 2314 hostium
1063 2283 1160 2319 (ost-N¹
1175 2283 1240 2314 cod.
1371 2294 1429 2322 451
1451 2289 1502 2313 est

169 2332 376 2363 domicilium
394 2331 569 2370 PCD.sonr.
587 2334 664 2361 recle
768 2330 823 2359 Sc.
851 2333 884 2358 at
908 2337 986 2357 erus
1008 2325 1107 2369 (hic)
1130 2326 1272 2357 Ritsclrl:
1298 2327 1420 2358 Atticis
1437 2326 1503 2357 Leo

169 2385 233 2414 452
257 2387 288 2416 q.
313 2386 338 2406 S.
362 2376 393 2407 h.
427 2366 563 2405 sillictus
718 2375 782 2412 456
807 2371 857 2403 vel
872 2371 933 2402 ΡΑ.
955 2371 1031 2400 mul.
1143 2371 1205 2401 feci
1225 2370 1305 2410 (3¹)
1332 2371 1380 2401 vrl
1396 2371 1502 2401 fecisti

170 2418 324 2458 (PCDB2')
343 2418 407 2449 cod.
425 2430 430 2448 :
458 2418 555 2457 egisti
573 2417 710 2458 Sejffit‘l
811 2425 873 2455 457
901 2415 1061 2444 Sceledre
1079 2413 1142 2455 (c)
1167 2414 1339 2445 Fleckeisen
1431 2420 1501 2444 east

168 2473 267 2503 quam
286 2463 375 2504 potis
394 2462 627 2494 Camerarius:
653 2473 691 2492 ea
709 2462 804 2503 sique
822 2459 968 2499 ampotis
985 2459 1050 2488 cod.
1078 2459 1145 2497 kvii.
1174 2469 1197 2496 1,
1219 2469 1248 2498 p.
1270 2461 1327 2498 20)
