1747 2740
576 150 747 188 MILES
778 150 1091 188 GLORIOSVS
1448 149 1501 186 II.
1524 148 1572 185 iv

170 271 250 297 non
272 264 437 308 possunt
458 256 555 295 mihi
577 256 756 295 minaciis
777 256 853 294 tuis
874 257 982 294 ln'scc
1003 255 1107 294 oculi
1129 255 1302 295 ecfodiri.

84 334 149 370 375
171 325 240 362 sed
261 323 396 373 paucis
417 323 547 361 uerbis
569 330 606 361 te
627 323 732 369 uolo,
758 321 979 360 Palaestrio.
1040 335 1216 371 opsecro,
1240 322 1346 360 unde

169 389 247 426 exit
286 388 383 426 haec
423 388 530 426 huc?
588 389 656 425 ΡΑ.
682 388 775 426 und'
810 387 884 425 nisi
919 388 1071 425 domo?
1128 388 1189 425 Sc.
1223 387 1375 425 domo?
1433 388 1501 424 ΡΑ.

935 452 997 490 me'
1020 452 1170 490 uiden?
1227 453 1288 490 Sc.
1314 459 1351 490 te
1372 452 1500 490 uideo.

170 518 277 557 nimi’
307 518 487 557 mirumst
521 518 672 556 facinus
707 532 788 568 quo
822 518 944 556 modo
978 518 1077 556 haec
1111 516 1204 555 hinc
1234 517 1311 555 huc
1342 516 1503 556 transire

1357 581 1503 632 potuit3

169 663 260 688 nam
281 656 389 688 certo
409 662 538 699 neque
559 648 783 687 solariumst
803 649 910 698 apud
931 649 1003 686 nos
1025 661 1155 698 neque
1176 649 1312 686 hortus
1332 649 1435 686 ullus
1524 663 1562 694 25

169 728 298 766 neque
319 716 464 753 fenstra
484 713 559 752 nisi
580 715 740 752 clatrata
756 728 765 761 3
795 727 887 751 narn
909 721 1013 752 certe
1034 726 1107 763 ego
1129 720 1165 752 te
1186 713 1249 751 hic
1272 713 1375 751 intus
1396 712 1489 751 uidi.

83 785 151 829 380
171 783 239 820 PA.
263 779 410 831 pergin,
432 781 608 827 sceleste,
631 778 837 818 intendere
867 780 969 817 hanc
998 780 1189 829 arguere?
1245 780 1323 818 PH.
1354 786 1505 817 ecastor

1413 858 1505 896 ergo

168 911 223 951 mi
243 913 321 950 hau
342 913 482 950 falsum
506 911 638 950 euenit
660 911 858 950 somnium
881 912 990 962 quod
1012 917 1133 949 noctu
1154 912 1228 949 hac
1250 909 1456 950 somniaui.

169 980 240 1016 PA.
270 977 367 1028 quid
406 975 719 1030 somnia[ui]sti?
794 979 868 1015 PH.
906 990 979 1026 ego
1018 977 1189 1027 eloquar.
1251 977 1322 1015 sed
1359 976 1504 1014 amabo

1095 1041 1291 1081 aduortite
1311 1041 1500 1080 animum.

168 1110 242 1148 hac
263 1116 379 1148 nocte
400 1108 439 1147 in
461 1107 610 1147 somnis
631 1121 720 1147 mea
739 1122 849 1147 soror
867 1108 1061 1159 geminast
1080 1121 1266 1158 germana
1285 1106 1371 1145 uisa
1523 1117 1564 1148 30

168 1174 325 1213 uenisse
344 1173 514 1213 Athenis
535 1173 574 1211 in
598 1174 802 1223 Ephesum
824 1187 914 1212 cum
937 1187 1009 1213 suo
1028 1180 1204 1211 amatore
1224 1173 1400 1222 quodam
1415 1186 1426 1220 3

83 1244 148 1289 385
169 1239 182 1278 i
201 1240 322 1278 ambo
344 1238 516 1290 hospitio
538 1239 615 1277 huc
636 1238 675 1290 in
698 1252 934 1288 proxumum
956 1238 1053 1277 mihi
1074 1237 1293 1277 deuortisse
1314 1237 1398 1276 uisi.

171 1307 240 1343 ΡΑ.
274 1304 550 1343 Palaestrionis
572 1304 772 1343 somnium
793 1311 978 1342 narratur.
1038 1317 1155 1355 perge
1176 1316 1302 1354 porro.

170 1372 245 1409 PH.
278 1384 351 1421 ego
372 1372 473 1409 laeta
494 1369 579 1408 uisa
600 1370 693 1420 quia
710 1383 819 1408 soror
840 1369 1024 1417 uenisset,
1047 1377 1206 1420 propter
1226 1370 1395 1408 eandem

169 1436 435 1488 suspicionem
457 1449 682 1474 maxumam
706 1449 793 1474 sum
815 1435 899 1474 uisa
919 1435 1122 1474 sustinere.
1524 1452 1563 1484 35

171 1517 261 1542 nam
282 1516 443 1553 arguere
464 1502 503 1541 in
525 1501 675 1541 somnis
698 1515 762 1540 me
782 1515 894 1540 meus
915 1500 1011 1539 mihi
1032 1500 1231 1539 familiaris
1252 1500 1377 1539 uisust

82 1583 152 1618 390
170 1583 234 1608 me
254 1582 345 1607 curn
361 1568 492 1607 alieno
507 1568 819 1615 adulescentulo,
837 1567 949 1618 quasi
970 1580 1076 1605 nunc
1098 1574 1153 1614 tu,
1170 1580 1254 1605 esse
1271 1568 1501 1614 osculatam,

169 1648 291 1686 quom
312 1634 378 1673 illa
393 1635 569 1674 osculata
589 1647 678 1672 mea
693 1647 802 1673 soror
821 1633 979 1684 gemina
994 1640 1096 1672 esset
1112 1639 1295 1683 suompte
1315 1632 1500 1671 amicum.

213 1749 276 1779 374
301 1740 383 1770 mihi
412 1744 556 1779 possunt
581 1738 694 1769 APCD
788 1739 888 1769 minis
913 1737 944 1767 A
1039 1736 1147 1768 oculis
1164 1734 1246 1766 AB²
1347 1736 1445 1767 fodiri
1474 1736 1506 1767 Ρ

169 1794 233 1824 375
257 1795 286 1816 o.
311 1783 378 1826 [te]
397 1784 429 1814 A
523 1784 612 1814 unde
628 1783 663 1813 in
686 1782 777 1813 initio
800 1782 961 1822 sequentis
984 1791 1096 1812 versus
1118 1779 1189 1810 ΑΡ
1202 1791 1209 1810 :
1232 1780 1296 1810 leuc
1319 1781 1507 1820 transposui

171 1828 222 1868 (cſs
244 1827 346 1858 Class.
365 1827 445 1859 Rev.
464 1828 495 1866 6,
515 1828 595 1867 404)
728 1828 793 1866 376
816 1826 881 1857 hac
898 1826 964 1856 huc
981 1824 1030 1855 P:
1057 1825 1141 1855 haec
1160 1825 1240 1863 (om.
1258 1824 1339 1854 huc‘t
1357 1824 1403 1862 A,
1419 1824 1499 1863 sort.

168 1871 271 1902 altera
286 1871 371 1902 lectt'o
386 1881 530 1911 opsecro
548 1875 590 1911 te,
610 1871 710 1901 Unde
728 1871 799 1901 exit
818 1871 958 1912 (praes.)
977 1870 1061 1900 haec
1153 1868 1275 1899 domo?
1304 1867 1358 1898 Sc.
1380 1868 1503 1899 domo?

172 1915 232 1946 ΡΑ.
256 1915 325 1957 me]
348 1916 449 1946 domo
471 1915 572 1946 modo
594 1925 647 1945 me
668 1914 701 1944 A
866 1924 928 1954 377
956 1912 1070 1952 nimis]
1094 1912 1146 1943 nis
1166 1911 1230 1952 (Β)
1254 1911 1304 1942 vel
1321 1911 1385 1942 nisi
1410 1911 1501 1951 (BC)

170 1959 204 1990 P
229 1958 321 2000 (lpro
353 1960 428 1998 niiS,
447 1958 466 1990 i.
481 1969 505 1990 e.
537 1958 650 1999 nimis)
755 1959 916 1988 miserum
949 1962 1001 1988 est
1026 1957 1058 1987 A
1161 1956 1214 1986 hic
1247 1956 1331 1995 (om.
1362 1955 1442 1993 huc)
1474 1956 1506 1986 P

172 2003 321 2043 potuerit
334 2003 367 2033 Ρ
467 2013 532 2042 379
557 2003 705 2033 fenestra
723 2001 811 2033 codd.
902 2001 982 2043 nisi]
1003 2011 1114 2041 neque
1131 1999 1164 2029 A
1256 1999 1398 2030 clatrata
1422 1998 1502 2029 Scu-

173 2046 300 2078 tart'us:
323 2048 448 2077 clarata
468 2046 556 2077 codd.
654 2050 748 2077 certo
764 2046 798 2076 P
891 2045 944 2076 hic
961 2055 1026 2075 om.
1053 2044 1086 2074 A
1222 2044 1286 2082 380
1311 2043 1502 2074 intenderet

173 2092 240 2131 (·re
257 2096 290 2121 et
307 2090 445 2130 PCDB2)
463 2089 497 2120 P
583 2101 646 2129 ego
664 2089 697 2119 Ρ
807 2090 868 2129 381
896 2089 1033 2120 eueniat
1050 2088 1083 2118 Ρ
1097 2089 1178 2129 (pro
1195 2087 1280 2117 -niet
1293 2087 1318 2127 ἔ)
1439 2088 1502 2124 382

171 2135 320 2165 aduortit
338 2133 414 2172 (515
433 2134 482 2164 vel
497 2134 670 2165 aduortito
690 2132 846 2173 (PcDss-:i
866 2133 899 2163 Ρ
1042 2133 1106 2171 383
1131 2132 1265 2171 gemina
1283 2136 1316 2160 et
1336 2130 1435 2170 *PCDy
1455 2131 1505 2160 vel

170 2179 306 2217 gemina
323 2177 383 2216 (Β,
398 2177 430 2208 Ρ
522 2179 586 2217 384
611 2188 711 2217 quom
729 2177 762 2207 A
785 2177 1078 2217 (antiquasormd)
1160 2175 1238 2215 suo]
1258 2185 1298 2204 eo
1315 2173 1349 2204 Ρ
1438 2175 1501 2213 385

170 2222 201 2252 ei
218 2221 364 2252 Rr'tscltl:
389 2226 422 2252 et
439 2220 472 2251 A
492 2220 534 2260 (T
547 2226 608 2262 pro
626 2221 656 2256 Ι)
673 2233 679 2252 :
705 2221 738 2251 hi
756 2220 789 2250 Ρ
896 2220 1081 2259 hospitium
1105 2218 1138 2248 A
1253 2218 1404 2248 deuortis
1429 2217 1461 2254 (i.
1474 2229 1499 2249 c.

170 2265 269 2304 Asse)
287 2265 319 2296 Ρ
334 2269 370 2295 ut
388 2264 450 2296 vid.
474 2265 546 2304 (-tis
565 2264 625 2302 3¹,
644 2265 681 2295 -ti
708 2269 786 2295 sunt
810 2263 950 2302 P01232)
971 2263 1127 2293 Plurima
1145 2262 1238 2302 apud
1250 2261 1500 2301 ltancsabulam

169 2308 332 2340 eiusmodi
347 2308 606 2340 contractionum
623 2309 756 2348 vesttgi'a
883 2309 948 2346 386
973 2306 1216 2338 Palaestrionis
1234 2305 1349 2335 Dousa
1363 2317 1368 2337 :
1388 2305 1499 2345 palae-

170 2353 287 2383 strioni
309 2352 396 2383 codd.
426 2353 501 2393 (seq.
525 2354 558 2387 5)
691 2353 756 2391 389
781 2362 833 2382 me
856 2351 1027 2382 familiaris
1051 2360 1147 2380 meus
1171 2349 1252 2379 mihi
1278 2349 1371 2379 uisus
1396 2354 1446 2379 est
1470 2349 1504 2380 Ρ

171 2405 236 2435 390
260 2406 350 2426 nunc
375 2400 428 2426 est
453 2396 636 2426 osculatam
663 2406 740 2426 esse
761 2395 794 2425 Ρ
821 2396 866 2436 (v.
897 2395 955 2434 3):
991 2403 1081 2424 nune
1107 2398 1141 2423 tu
1168 2403 1205 2423 es
1231 2392 1438 2423 ausculatam
1464 2391 1497 2422 A

171 2449 232 2478 391
260 2440 409 2470 ausculta
427 2439 504 2469 ΑΒι
524 2445 599 2480 (pro
615 2439 805 2472 ausculatai
885 2443 1042 2478 suompte
1062 2437 1203 2478 (-uum-)
1221 2437 1317 2467 ctiam
1336 2435 1368 2466 Ρ
1382 2440 1418 2466 ut
1434 2435 1495 2472 vid,

173 2485 323 2524 (sumptu
343 2482 397 2522 13¹,
418 2494 513 2513 suum
533 2483 567 2513 Ρ
584 2484 619 2523 1'2
990 2480 992 2482 ’
