1747 2740
60 131 115 172 ΙΙ.
138 131 167 170 ii
605 131 651 169 T.
685 129 866 171 MACCI
899 128 1102 168 PLAVTI

125 247 167 288 65
187 243 304 294 uigila
325 242 498 293 inquam,
517 241 783 292 expergiscere
803 240 978 291 inquam,
1001 241 1106 279 lucet
1126 240 1204 279 hoc
1223 238 1397 291 inquam.
1448 239 1520 280 ΡΑ.

1386 304 1516 345 audio.

187 375 256 412 PE.
280 373 400 413 uiden
417 372 540 413 hostis
557 372 627 411 tibi
649 373 787 411 adesse
804 378 953 422 tuoque
974 378 1082 421 tergo
1099 370 1324 422 opsidium?
1343 371 1518 418 consule,

184 438 310 489 arripe
341 452 458 489 opem
487 437 756 487 auxiliumque
785 437 836 475 ad
862 437 965 475 hanc
989 449 1096 474 rem:
1128 449 1292 486 propere
1322 436 1410 482 hoc,
1439 448 1520 474 non
1539 446 1608 472 220

1216 499 1372 550 placide
1392 500 1516 540 decet.

185 569 371 609 anteueni
391 569 533 619 aliqua,
556 568 689 619 aliquo
710 569 810 606 saltu
832 566 1086 606 circumduce
1107 565 1332 612 exercitum,

187 649 285 685 coge
305 635 345 673 in
366 635 564 685 opsidium
586 633 809 685 perduellis,
832 633 974 672 nostris
995 631 1234 682 praesidium
1255 644 1374 682 para3

128 709 170 746 70
189 701 405 740 interclude
426 699 594 738 inimicis
616 706 894 746 commeatum,
918 699 989 737 tibi
1011 698 1120 736 muni
1141 697 1246 736 uiam

188 780 264 817 qua
286 765 438 804 cibatus
459 773 786 816 commeatusque
807 766 857 803 ad
878 773 916 803 te
937 772 975 803 et
996 763 1170 814 legiones
1192 771 1278 802 tuas

187 839 272 870 tuto
294 831 416 881 possit
436 830 666 881 peruenire:
696 831 798 868 hanc
820 830 900 868 re'm
922 843 1004 879 age,
1028 842 1087 867 res
1108 828 1295 867 subitaria
1315 836 1383 867 est.
1540 843 1606 880 225

187 896 325 947 reperi,
345 895 656 943 comminiscere,
680 897 781 934 cedo
802 894 975 934 calidum
996 893 1205 932 consilium
1226 893 1316 941 cito,

188 976 289 1012 quae
310 961 373 1000 hic
395 969 485 999 sunt
507 961 592 999 uisa
613 969 655 999 ut
675 961 759 999 uisa
780 974 830 999 ne
852 960 938 1007 sint,
963 961 1066 998 facta
1086 960 1231 998 infecta
1250 973 1300 998 ne
1321 958 1432 998 sient.

128 1039 165 1071 75
189 1042 371 1079 magnam
394 1028 472 1066 illic
493 1029 615 1066 homo
636 1042 716 1066 rem
739 1027 941 1078 incipissit,
967 1040 1109 1078 magna
1129 1026 1257 1065 munit
1278 1025 1445 1066 moenia.

188 1101 269 1132 tute
290 1106 391 1131 unus
413 1093 443 1130 si
465 1092 636 1143 recipere
656 1094 733 1131 hoc
755 1090 840 1145 [ad]
862 1100 899 1131 te
920 1091 1029 1138 dicis,
1053 1091 1331 1131 confidentiast

187 1173 259 1197 nos
280 1157 460 1197 inimicos
481 1157 687 1209 profligare
707 1171 834 1208 posse.
895 1159 965 1196 ΡΑ.
997 1157 1089 1196 dico
1109 1165 1148 1196 et
1168 1157 1314 1207 recipio
1539 1167 1609 1202 230

185 1225 236 1263 ad
267 1237 340 1262 me.
402 1225 470 1261 PE.
503 1231 541 1262 et
569 1236 642 1273 ego
669 1223 877 1274 impetrare
904 1222 996 1262 dico
1017 1223 1058 1262 id
1079 1223 1188 1273 quod
1209 1222 1320 1274 petis.
1380 1224 1449 1261 PA.
1480 1229 1520 1261 at

1283 1296 1321 1327 te
1344 1287 1520 1339 Iuppiter

189 1355 289 1393 bene
310 1362 413 1393 amet
432 1358 437 1393 i
498 1357 565 1393 PE.
597 1356 728 1394 auden
757 1354 989 1406 participare
1016 1367 1080 1393 me
1101 1355 1209 1404 quod
1231 1354 1520 1392 commentu’s?

1320 1420 1388 1457 ΡΑ.
1420 1426 1516 1466 tace,

128 1491 168 1521 80
188 1487 284 1525 dum
306 1486 344 1523 in
367 1486 565 1536 regionem
587 1485 818 1524 astutiarum
841 1499 1015 1524 mearum
1039 1493 1076 1523 te
1098 1485 1256 1531 induco,
1279 1492 1322 1522 ut
1341 1483 1441 1522 scias

188 1550 293 1589 iuxta
315 1565 471 1590 mecum
494 1565 580 1590 mea
601 1551 775 1590 consilia.
838 1553 906 1588 Pr..
940 1552 1049 1588 salua
1069 1563 1201 1588 sumes
1222 1549 1410 1588 indidem.

189 1617 257 1653 ΡΛ.
291 1618 368 1654 cru'
391 1630 500 1654 meus
522 1616 720 1666 elephanti
743 1616 850 1655 corio
872 1616 1182 1662 circumtentust‚
1206 1628 1287 1653 non
1308 1627 1392 1662 suo,
1538 1623 1603 1660 235

187 1693 317 1730 neque
338 1681 457 1719 habet
478 1682 564 1730 plus
586 1680 789 1731 sapientiai
812 1694 930 1731 quam
954 1680 1062 1732 lapis.
1114 1682 1183 1718 PE.
1215 1693 1288 1731 ego
1304 1679 1404 1718 istuc
1425 1678 1516 1718 scio.

231 1786 294 1815 218
318 1787 479 1825 expergis
496 1786 559 1818 cod.
584 1788 675 1819 (corr.
696 1787 760 1829 ΒΩ)
855 1789 920 1820 hoc
939 1789 1040 1828 inqua
1059 1787 1123 1819 cod.
1147 1787 1239 1818 (corr.
1260 1785 1322 1822 ΒΕ)
1456 1795 1520 1825 219

187 1829 304 1859 uident
330 1829 396 1861 cod.
427 1833 520 1870 (corr.
552 1830 612 1870 ΒΞ)
704 1838 800 1872 tergo
830 1831 996 1872 ijladcs:
1028 1842 1112 1871 ergo
1137 1830 1196 1861 cod
1292 1828 1422 1861 consuli
1450 1829 1515 1862 cod.

187 1883 251 1903 220
273 1873 400 1912 arripct
416 1873 480 1905 cod.
510 1875 602 1914 (corr.
622 1875 679 1915 8²)
776 1886 956 1916 properem
976 1875 1041 1907 cod.
1059 1878 1151 1915 (corr.
1165 1874 1229 1911 B2)
1319 1883 1379 1904 221
1405 1873 1519 1913 aliquo

186 1916 272 1946 saltu
293 1917 481 1957 A'iessliug:
514 1918 643 1957 aliquos
665 1926 743 1950 autu
771 1925 843 1958 (aut
869 1925 904 1950 tu
930 1920 975 1957 B)
1007 1919 1096 1950 cod.:
1138 1924 1195 1949 aut
1215 1920 1249 1949 tti
1277 1917 1516 1958 aliquoffisum

187 1960 252 1990 Leo
384 1971 447 1991 222
471 1972 554 2001 coge
579 1962 814 1994 Cmnerm-ms:
838 1974 896 1994 cor
915 1963 980 1994 cod.
1128 1973 1191 2002 223
1215 1962 1401 1993 interclude
1420 1960 1493 1992 Ital.
1510 1973 1518 1992 ε

189 2003 403 2035 intercludite
414 2004 483 2036 cod.
505 2011 582 2045 (pro
596 2007 797 2037 intercludet
813 2009 822 2038 3
848 2007 1034 2047 sac-pussime
1048 2006 1370 2047 perhancsabulam
1389 2010 1400 2036 t
1415 2005 1518 2035 lma—m

183 2052 353 2087 persm'am
380 2048 552 2089 adsm'sua,
582 2054 616 2080 ut
641 2051 674 2080 in
703 2061 752 2081 vv.
784 2061 850 2089 119.
881 2060 956 2089 215,
985 2053 1063 2085 220)
1211 2052 1274 2080 226
1299 2049 1426 2089 reperit
1449 2048 1514 2080 cod.

189 2096 282 2126 (cm-1¹.
312 2091 373 2131 l>‘·')
510 2104 571 2132 227
599 2094 669 2124 uisa
691 2104 732 2124 nc
754 2093 848 2126 Ima:
874 2095 921 2124 tui
947 2105 1028 2125 sane
1050 2094 1114 2124 cod.
1206 2092 1348 2134 infecta]
1373 2098 1408 2124 ut
1432 2092 1515 2123 sacta

188 2135 328 2182 ’ἕψε-ἰωή
425 2136 489 2166 siet
515 2137 581 2168 cod.
727 2139 790 2168 228
816 2139 914 2168 homo
942 2148 1010 2168 rem
1039 2137 1226 2168 Mcursins:
1258 2138 1422 2168 honorem
1449 2135 1516 2167 cod.

188 2178 305 2216 incipis
321 2179 379 2209 sod
399 2190 516 2218 magna
536 2181 671 2211 munitis
693 2182 803 2212 menia
825 2181 890 2212 cod.
910 2193 917 2211 τ
941 2192 1018 2213 corr.
1037 2181 1228 2212 Salmasius
1358 2190 1422 2218 229
1445 2185 1515 2210 tute

189 2231 217 2251 11.
241 2222 340 2254 li‘t‘t'z:
370 2224 449 2253 tude
469 2235 499 2254 ii.
519 2224 585 2256 cad.
606 2237 612 2255 z
637 2231 671 2255 tn
689 2235 797 2254 oenus
817 2225 922 2265 Bmgk
1011 2231 1044 2256 te
1061 2226 1190 2266 scripsi:
1215 2231 1285 2256 alte
1300 2228 1332 2255 (a
1343 2230 1376 2255 te
1390 2224 1435 2259 B)
1448 2223 1514 2255 cod.

190 2265 223 2295 (ι’.
238 2276 261 2295 e.
285 2266 325 2295 ad
347 2268 395 2295 tei
547 2279 610 2307 230
635 2269 737 2308 possit
763 2268 828 2299 cod.
978 2279 1034 2307 231
1064 2274 1096 2299 ct
1113 2293 1120 2300 .
1141 2294 1147 2300 .
1167 2293 1173 2300 .
1195 2270 1283 2308 petis
1302 2267 1520 2298 Palaesttiom·

187 2312 355 2339 continuat
371 2309 518 2349 Appnltn
599 2323 696 2351 egon]
716 2312 919 2351 inpetrarcm
941 2314 1008 2353 (we
1026 2313 1089 2352 5²)
1110 2313 1219 2342 dicom
1237 2311 1302 2343 cod.
1408 2321 1515 2350 23ῐ-2

187 2358 220 2382 at
238 2376 244 2382 .
267 2377 272 2382 .
292 2376 298 2383 .
323 2358 413 2383 amet
434 2354 686 2394 Peripha-omani
705 2356 854 2396 Appulm
996 2366 1058 2395 232
1084 2361 1142 2386 aut
1171 2356 1303 2395 inpar-tc
1329 2355 1404 2385 mici
1433 2365 1514 2394 pare

187 2395 280 2426 cod.:
314 2407 387 2427 corr.
412 2396 528 2437 Btrgge
660 2409 722 2438 234
747 2400 873 2430 saluam
892 2399 957 2430 cod.
1094 2409 1157 2438 235
1182 2399 1425 2430 circumtentus
1440 2408 1513 2429 sum

188 2441 255 2479 (est
274 2439 334 2473 ΒΖ)
353 2440 418 2471 cod.
435 2453 441 2472 :
467 2442 708 2474 circumtectus
728 2448 780 2474 est
797 2443 885 2474 codd.
901 2443 1030 2474 Donati
1044 2442 1091 2473 ad
1104 2443 1179 2474 Ηιτ.
1200 2453 1232 2479 2,
1254 2452 1279 2480 1,
1303 2452 1338 2480 ¹7
1451 2443 1516 2481 236

187 2484 363 2522 sapientiai
382 2483 543 2515 Mucllcr:
567 2487 788 2524 sapientiame
804 2487 870 2519 cod.
963 2487 1096 2527 aegomi
1113 2487 1260 2518 stuescio
1281 2485 1347 2518 cod.
1367 2486 1515 2526 (egomet

189 2527 275 2558 istuc
292 2528 361 2558 scio
378 2527 435 2558 B'2‘
457 2539 462 2558 :
489 2540 565 2559 corr.
591 2529 712 2568 {vm-cll
