1747 2740
157 128 248 167 II.i
647 126 693 164 T.
728 124 910 164 MACCI
942 124 1148 163 PLAVTI

344 246 472 279 utram
493 237 625 290 potius
646 239 785 276 harum
808 236 905 275 mihi
926 243 1049 276 artem
1071 244 1328 287 expetessam‚

343 313 469 344 utram
491 304 609 344 aetati
630 304 812 354 agundae
832 302 995 341 arbitrer
1016 302 1228 341 firmiorem
1249 318 1256 341 :

341 370 493 410 amorin
516 371 607 409 med
627 383 678 408 an
700 369 753 408 rei
775 368 941 420 opsequi
963 368 1084 418 potiu’
1106 382 1174 419 par
1194 369 1253 417 sit,
1592 382 1663 418 230

341 445 427 476 utra
447 436 487 474 in
508 443 617 487 parte
637 436 726 486 plus
747 434 796 473 sit
817 434 1022 485 uoluptati’
1043 434 1148 473 uitae

175 518 214 542 10
449 502 500 540 ad
520 507 690 540 aetatem
710 501 921 550 agundam.

287 569 338 607 de
351 569 426 606 hac
439 581 479 606 re
493 566 587 605 mihi
607 565 699 605 satis
716 567 794 604 hau
810 565 935 616 liquet
950 580 960 613 ,-
989 564 1064 604 nisi
1080 566 1158 604 hoc
1175 564 1230 604 sic
1246 564 1400 612 faciam,
1418 564 1570 616 opinor,

286 641 328 672 ut
359 641 568 683 utramque
599 645 682 670 rem
712 631 828 670 simul
859 638 1056 682 exputem,
1084 630 1202 669 iudex
1232 630 1306 669 sim
1336 632 1497 681 reu’que
1520 631 1572 668 ad

1371 709 1458 735 eam
1475 709 1568 734 rem.

395 753 449 792 ita
469 751 621 800 faciam,
645 751 698 790 ita
719 753 847 802 placet
862 765 873 799 ς
902 751 1081 790 omnium
1102 751 1274 802 primum
1593 763 1658 800 235

344 819 502 858 Amoris
523 818 615 856 artis
636 819 800 868 eloquar
820 831 939 868 quern
961 819 1011 856 ad
1034 818 1199 856 modum
1224 814 1298 869 [se]
1321 815 1544 868 expediant.

175 899 211 933 15
232 898 452 937 numquam
469 887 594 924 Amor
615 897 858 935 quemquam
876 883 950 922 nisi
966 883 1157 934 cupidum
1174 882 1378 921 hominem
1400 883 1572 932 postulat

886 954 892 960 ’
918 1003 924 1009 ι
1085 961 1127 987 se
1147 948 1187 987 in
1208 950 1342 999 plagas
1362 947 1544 987 conicere
1563 962 1571 987 ε

758 1016 825 1043 eos
847 1011 955 1054 petit,

287 1084 355 1110 eos
377 1078 548 1110 sectatur
567 1085 577 1118 3
606 1070 774 1109 subdole
796 1069 1009 1117 blanditur,
1031 1069 1082 1108 ab
1103 1083 1143 1108 re
1164 1068 1346 1117 consulit,
1590 1076 1679 1121 238⁵

287 1136 693 1187 blandiloquentulus,
742 1136 926 1185 harpago,
975 1135 1156 1182 mendax,
1207 1147 1367 1185 cuppes,
1415 1146 1570 1182 auarus,

1086 1201 1255 1249 elegans,
1278 1196 1567 1252 despol[i]ator,

286 1267 603 1307 latebricolarum
621 1266 830 1304 hominum
847 1273 1051 1316 corruptor
1068 1266 1250 1314 blandus,
1270 1265 1384 1316 inops
1398 1266 1570 1304 celatum
1591 1279 1700 1314 240-1

1351 1330 1568 1381 indagator.

174 1413 214 1438 20
233 1413 325 1438 nam
354 1400 422 1450 qui
448 1405 555 1437 amat
585 1399 693 1448 quod
723 1404 828 1435 amat
859 1410 980 1448 quom
1009 1398 1208 1447 externplo
1235 1396 1352 1435 sauiis
1380 1395 1571 1446 sagittatis

1337 1463 1568 1512 perculsust‚

232 1531 323 1570 ilico
344 1544 403 1569 res
424 1531 526 1569 foras
548 1529 704 1577 labitur,
717 1528 888 1579 liquitur.
949 1530 1020 1567 ‘da
1042 1528 1138 1566 mihi
1158 1530 1246 1575 hoc,
1271 1529 1348 1567 mel
1370 1541 1515 1575 meum,
1539 1527 1569 1566 si
1591 1542 1706 1579 243—4

1144 1607 1208 1632 me
1228 1606 1348 1640 amas,
1371 1592 1403 1631 si
1423 1593 1570 1631 audes)

286 1662 340 1701 ibi
362 1661 426 1700 ille
447 1661 610 1700 cuculus
628 1675 635 1698 ε
667 1663 675 1679 ‘
689 1661 814 1698 ocelle
835 1659 899 1707 mi,
920 1658 986 1697 fiat
1006 1675 1013 1697 2
1043 1666 1081 1697 et
1102 1658 1202 1697 istuc
1219 1666 1257 1697 et
1278 1658 1308 1696 si
1325 1657 1494 1708 amplius
1511 1657 1570 1696 uis
1591 1659 1708 1706 245—6

1271 1723 1364 1771 dari,
1389 1723 1570 1762 dabitu1·.'

340 1792 394 1832 ibi
416 1792 480 1831 illa
501 1793 744 1843 pendentem
766 1791 852 1830 ferit
873 1806 880 1829 :
910 1790 987 1829 iam
1009 1789 1179 1841 amplius
1201 1797 1284 1829 orat
1302 1804 1313 1838 ς
1342 1802 1424 1828 non
1445 1789 1538 1828 satis
1590 1792 1704 1835 247-8

395 1859 436 1897 id
457 1865 515 1897 est
536 1858 639 1906 mali,
663 1858 703 1896 ni
724 1857 842 1896 etiam
863 1857 1046 1907 amplius,

175 1939 214 1972 ²5
234 1926 344 1977 quod
371 1923 505 1971 ebibit,
529 1924 638 1974 quod
666 1930 829 1970 comest,
852 1923 962 1973 quod
989 1921 1081 1961 facit
1109 1921 1266 1972 sumpti.
1326 1934 1404 1959 nox
1428 1921 1569 1960 datur:
1590 1931 1700 1969 250-1

1129 1987 1286 2026 ducitur
1307 1986 1455 2025 familia
1475 1993 1568 2034 tota,

277 2090 342 2120 230
365 2089 414 2119 sq.
432 2078 512 2118 disp.
542 2077 684 2108 Amorin
705 2094 742 2099 -
762 2081 856 2117 parte
879 2074 884 2118 Ι
906 2075 1200 2114 Plus-agundam
1218 2074 1250 2104 A
1272 2074 1389 2116 (bacch.
1410 2074 1568 2114 systema}

232 2134 298 2164 230
321 2123 370 2154 vel
385 2134 437 2153 me
451 2123 511 2163 (ita
525 2121 632 2160 codd.)
700 2121 763 2150 siet
778 2119 810 2149 P
896 2129 955 2158 ²31
977 2119 1141 2158 uoluptati
1155 2119 1198 2149 sit
1211 2117 1244 2148 P
1329 2127 1390 2157 233
1415 2117 1478 2158 sic]
1497 2117 1526 2148 si
1540 2117 1574 2148 P

233 2168 283 2199 vel
297 2168 400 2207 opino
491 2175 554 2205 234
580 2170 615 2195 ut
628 2175 692 2196 om.
708 2163 740 2194 P
837 2165 901 2203 236
925 2173 962 2193 se
976 2174 1042 2193 om.
1058 2162 1091 2192 P
1177 2163 1252 2201 238,
1271 2162 1349 2201 238“
1361 2161 1515 2202 coniung.
1532 2162 1564 2191 A

235 2221 295 2242 eos
310 2211 402 2252 cupit
418 2220 479 2241 eos
495 2214 710 2240 consectatur
727 2207 759 2238 P
775 2208 888 2249 (amzp.
906 2207 987 2238 dim.
1007 2206 1116 2238 catam
1230 2215 1295 2246 239
1316 2204 1526 2245 despoliator
1538 2204 1571 2235 P

235 2266 307 2295 240,
326 2265 387 2294 241
414 2254 463 2286 vel
484 2254 529 2284 sic
550 2253 714 2294 distingue
734 2257 920 2291 corruptor,
939 2251 1082 2281 blandus
1106 2251 1215 2289 inops.
1305 2249 1361 2280 vix
1381 2249 1492 2288 inopis
1515 2248 1568 2288 (ut

233 2299 465 2338 baccln'ifiant)
602 2307 665 2336 242
690 2305 766 2326 narn
783 2305 881 2334 quam
899 2295 941 2325 ad
956 2294 1046 2334 qnod
1065 2295 1177 2325 darnat
1193 2293 1226 2324 P
1325 2302 1425 2333 quom
1445 2292 1567 2322 Bothe:

233 2353 332 2383 quam
343 2341 432 2373 codd.
504 2340 672 2380 sagittatis
685 2350 752 2370 om.
763 2338 796 2368 A
883 2343 1078 2378 percussust
1091 2337 1124 2369 P
1232 2346 1339 2376 243-4
1356 2337 1449 2367 sime
1463 2336 1569 2366 audes

233 2388 262 2418 si
284 2396 377 2425 amas
390 2385 422 2416 A
493 2395 536 2414 an
554 2387 582 2414 si
599 2384 740 2414 auides?
760 2384 813 2423 (ui
829 2382 1039 2421 crett’ct'fiant)
1131 2383 1239 2420 245-6
1255 2380 1319 2411 Abi
1336 2380 1369 2410 A
1439 2379 1568 2410 occelle

234 2431 266 2461 P
282 2433 304 2464 (ἲ
319 2436 381 2470 pro
397 2440 417 2459 o
433 2428 556 2463 ocelle)
691 2437 751 2465 247
769 2427 798 2456 ⁷8
819 2427 907 2456 illam
921 2426 952 2455 A
1087 2430 1138 2456 sat
1154 2425 1187 2456 P
1337 2434 1400 2462 249
1424 2423 1567 2463 amplius

235 2475 334 2507 etiam
350 2474 381 2504 Ρ
512 2481 615 2511 25o—1
643 2471 731 2511 quod
749 2470 853 2500 ebibit
870 2469 1109 2509 wlvjssrendmn
1199 2468 1344 2508 sumptui
1361 2467 1393 2498 A
