1747 2740
115 122 194 162 III.

137 573 197 605 125

141 1162 201 1192 130

146 1554 204 1587 135

217 123 248 159 ii
627 117 673 154 T.
707 114 888 154 MACCI
921 111 1125 151 PLAVTI

216 239 254 271 te
275 233 344 270 has
366 229 519 269 emisse.
578 240 661 266 non
681 234 723 264 tu
745 225 856 264 uides
877 225 984 263 hunc
1001 224 1112 262 uoltu
1132 221 1189 261 uti
1209 220 1309 261 tristi
1329 227 1388 260 est
1408 220 1558 260 senex?

216 298 296 335 ΤΗ.
330 295 460 334 uideo.
520 295 597 331 TR.
629 305 722 342 ergo
756 289 924 329 inridere
956 302 1006 327 ne
1045 287 1205 327 uideare
1244 295 1282 326 et
1315 286 1457 336 gestire
1489 286 1555 324 ad-

1366 351 1557 398 modum3

218 427 300 466 noli
322 428 448 465 facere
470 423 714 463 mentionem
736 423 803 461 ted
824 421 977 460 emisse.
1037 421 1116 457 Tu.
1149 418 1336 469 intellego

218 500 256 532 et
278 493 379 531 bene
400 490 596 529 monitum
618 490 735 534 duco,
758 495 877 536 atque
904 499 990 524 esse
1010 485 1205 523 existumo
1225 482 1390 521 humani
1410 481 1554 532 ingeni.

219 558 315 608 quid
336 557 472 594 nunc?
529 556 582 593 S1.
616 553 713 604 quin
735 560 775 590 tu
798 551 828 589 is
855 551 957 589 intro
982 558 1102 600 atque
1129 548 1255 588 otiose
1282 555 1488 599 perspecta
1514 554 1557 585 ut
1576 555 1642 600 815

1434 613 1554 651 lubet.

219 689 299 726 ΤΗ.
331 688 433 726 bene
454 685 705 735 benigneque
725 682 889 721 arbitror
910 688 948 719 te
968 682 1107 720 facere.
1166 681 1219 719 S1.
1252 681 1399 718 facturn
1413 679 1556 729 edepol

1448 745 1552 783 uolo.

222 817 308 873 [uin
338 817 405 868 qui
434 817 670 867 perductet?
737 816 815 853 TH.
848 827 972 864 apage
1004 812 1124 851 istum
1154 813 1445 863 perductorem,
1474 823 1555 848 non
1575 813 1663 848 816²

1415 878 1553 928 placet.

220 949 417 1001 quidquid
437 956 504 996 est,
529 947 666 986 errabo
687 946 818 997 potius
839 959 958 996 quarn
980 946 1186 995 perductet
1207 939 1433 994 quispiam]
1575 943 1662 980 816¹>

220 1018 295 1054 TR.
329 1015 449 1054 uiden
492 1013 734 1052 uestibulum
777 1020 870 1050 ante
913 1010 1023 1049 aedis
1069 1011 1145 1048 hoc
1189 1017 1227 1047 et
1269 1008 1554 1053 ambulacrum,

1276 1071 1560 1122 quoiusmodi?

221 1148 301 1185 ΤΗ.
333 1146 577 1183 luculentum
620 1144 763 1193 edepol
798 1143 986 1193 profecto.
1046 1142 1122 1178 TR.
1155 1153 1226 1189 age
1256 1146 1391 1189 specta
1424 1137 1557 1187 postis,

1293 1204 1559 1255 quoiusmodi,

223 1285 371 1329 quanta
392 1277 573 1315 firmitate
595 1274 685 1314 facti
708 1282 746 1313 et
767 1281 915 1324 quanta
935 1272 1205 1311 crassitudine.

224 1346 302 1382 TH.
337 1356 417 1381 non
438 1342 576 1380 uideor
598 1340 744 1379 uidisse
766 1339 889 1389 postis
911 1338 1165 1389 pulchriores.
1225 1338 1278 1375 S1.
1312 1338 1378 1387 pol
1400 1337 1496 1374 mihi
1580 1345 1648 1378 820

224 1423 272 1448 eo
293 1408 418 1459 pretio
439 1406 562 1457 empti
587 1408 740 1444 fuerant
762 1404 867 1443 olim.
928 1405 1004 1441 TR.
1037 1403 1158 1441 audin
1183 1404 1357 1440 ‘fuerant
1371 1403 1379 1419 ²
1400 1402 1560 1441 dicere?

225 1474 290 1512 uix
310 1474 466 1512 uidetur
482 1471 684 1510 continere
705 1472 909 1508 lacrumas.
969 1470 1049 1506 TH.
1083 1467 1219 1518 quanti
1241 1469 1362 1506 hosce
1381 1470 1562 1507 emeras?

226 1542 279 1579 S1.
312 1539 379 1578 tris
401 1538 526 1576 minas
547 1551 617 1588 pro
638 1535 720 1574 istis
742 1535 901 1574 duobus
921 1542 1074 1585 praeter
1094 1541 1296 1572 uecturam
1318 1533 1422 1572 dedi.

225 1607 305 1643 ΤΗ.
337 1605 468 1643 hercle
503 1603 569 1653 qui
602 1603 770 1640 multum
811 1600 1058 1652 inprobiores
1097 1607 1188 1637 sunt
1223 1612 1341 1649 quam
1376 1613 1399 1638 a
1432 1600 1560 1650 primo

1397 1665 1557 1704 credidi.

227 1737 303 1774 TR.
336 1735 604 1785 quapropter?
664 1734 744 1771 ΤΗ.
782 1732 874 1783 quia
887 1734 1031 1782 edepol
1045 1732 1165 1770 ambo
1180 1732 1231 1770 ab
1248 1731 1401 1770 insumo
1416 1738 1559 1769 tarmes
1579 1737 1646 1782 825

1441 1804 1558 1835 secat.

227 1869 303 1905 TR.
336 1865 636 1916 intempestiuos
658 1865 828 1904 excissos
852 1867 981 1911 credo,
1006 1866 1046 1904 id
1067 1866 1098 1903 is
1120 1865 1258 1904 uitium
1281 1872 1408 1904 nocet.

228 1940 347 1983 atque
368 1931 484 1970 etiam
507 1945 613 1969 nunc
634 1931 717 1969 sati'
739 1931 832 1969 boni
855 1940 956 1978 sunt,
981 1932 1010 1969 si
1033 1940 1122 1970 sunt
1144 1931 1294 1970 inducti
1316 1931 1427 1982 pice3

274 2037 337 2066 812
362 2041 396 2066 et
413 2046 479 2066 om.
501 2035 532 2065 Β
663 2036 727 2074 813
750 2040 783 2066 te
810 2037 870 2066 (ita
896 2036 962 2067 cod.
1007 2035 1112 2079 (has)
1135 2036 1269 2067 Gm'etus
1399 2037 1462 2072 814
1487 2045 1564 2066 esse

231 2079 361 2110 Merula
378 2091 384 2110 ε
408 2089 445 2110 se
463 2079 528 2110 cod.
552 2080 601 2118 (te
622 2079 686 2120 3²)
758 2079 892 2119 ingenio
909 2080 974 2111 cod.
1127 2081 1191 2111 816
1214 2080 1428 2119 benigneque
1446 2079 1561 2110 Came-

231 2123 358 2153 mrz'ns:
384 2123 531 2163 benique
560 2123 626 2155 cod.
774 2121 871 2153 816³*b
897 2124 951 2164 (qs.
975 2124 1038 2162 843
1054 2125 1140 2163 sqq&
1159 2123 1295 2154 adiectos
1315 2134 1335 2154 a
1361 2127 1563 2154 retractatore-

232 2171 269 2196 ul
286 2178 333 2198 vv.
353 2169 480 2206 817—47
499 2169 531 2197 in
550 2168 670 2198 actione
687 2167 914 2198 omitterentur
927 2168 993 2198 secl.
1015 2167 1152 2207 Seyffert
1284 2164 1364 2198 816¹³
1388 2167 1476 2206 Quid
1493 2166 1560 2199 cod.

232 2210 284 2251 (cf.
303 2211 383 2250 846)
504 2213 567 2250 817
593 2212 797 2251 amplacrum
815 2210 879 2241 cod.
899 2212 974 2251 (pro
991 2211 1210 2246 ambi'acrum,
1230 2212 1249 2242 ι’.
1263 2222 1288 2242 e.
1307 2211 1447 2242 ambul-l
1468 2212 1561 2250 (corr.

231 2252 293 2291 132)
406 2255 465 2284 821
491 2256 593 2286 audin
611 2256 741 2286 fuerant
758 2255 833 2285 Ital.
849 2266 856 2284 :
880 2260 935 2284 aut
954 2255 1098 2285 insuerat
1115 2255 1180 2285 cod.
1203 2256 1326 2289 lauden
1346 2255 1477 2285 fuerant
1494 2253 1559 2291 3²)

231 2298 294 2336 823
319 2297 448 2328 duobus
467 2298 594 2328 Merula
613 2310 619 2329 :
644 2300 761 2329 diebus
778 2297 842 2328 rod.
968 2300 1031 2336 824
1057 2299 1161 2329 multo
1181 2298 1357 2339 Ital..fort.
1379 2302 1453 2328 recte
1470 2297 1504 2336 (i.
1525 2297 1559 2336 3)

231 2343 294 2379 825
320 2347 444 2371 tarmes
468 2347 561 2373 secat
575 2341 737 2382 Scaliger:
765 2342 956 2372 tramisecat
973 2342 1038 2373 cod.
1057 2343 1189 2380 (tramis
1201 2348 1294 2373 secat
1308 2341 1443 2381 B²‚fort
1470 2343 1561 2379 recte)

233 2386 297 2418 826
314 2385 429 2416 accedit
443 2385 476 2415 A
569 2385 804 2429 intempestius
823 2386 855 2415 A
948 2386 1045 2415 (locet
1063 2386 1095 2416 A
