1747 2740
732 140 909 177 PERSA
1432 139 1484 176 II.
1507 137 1521 175 i

151 267 244 292 nam
273 252 459 303 equidem
490 259 528 290 te
558 251 635 289 iarn
665 257 794 289 sector
822 249 1006 300 quintum
1037 250 1143 287 hunc
1171 263 1332 296 annum,
1365 263 1487 299 quom
1509 263 1527 295 5

1174 315 1331 361 interea,
1356 316 1486 361 credo,

152 383 229 422 oui'
259 383 290 421 si
321 383 360 421 in
390 384 527 421 ludum
559 382 641 430 iret,
674 381 866 432 potuisset
896 380 973 419 iam
1005 380 1086 420 fieri
1117 388 1159 418 ut
1189 380 1312 430 probe
1343 380 1488 418 litteras

1360 445 1486 493 sciret,

151 528 273 564 quom
294 513 449 553 interim
470 521 513 552 ‘tu
533 527 665 552 meum
687 512 890 563 ingenium
912 513 998 550 fans
1018 520 1137 562 atque
1158 512 1286 550 infans
1307 513 1487 550 nondum

1138 577 1256 616 etiam
1279 576 1486 616 edidicisti.

67 656 130 694 175
367 645 479 695 potin
500 652 543 683 ut
563 645 723 683 taceas?
752 643 864 694 potin
886 656 936 682 ne
958 644 1151 681 moneas?

368 710 531 748 memini
552 718 589 749 et
611 709 692 748 scio
713 716 751 748 et
772 710 898 748 calleo
918 716 958 747 et
978 707 1246 747 commemini.

366 790 474 815 amas
495 777 561 827 pol
583 775 746 814 misera:
778 775 818 814 id
839 777 918 814 tuo’
940 782 1063 813 scatet
1083 774 1249 813 animus.
1511 788 1550 811 ιο

366 855 441 892 ego
461 841 561 880 istuc
582 840 784 892 placidum
806 840 877 879 tibi
898 847 940 879 ut
961 840 1010 879 sit
1030 840 1183 879 faciam.

369 907 486 946 miser
506 915 564 946 est
585 906 652 957 qui
673 913 789 945 amat.
850 914 959 945 certo
980 906 1011 944 is
1033 906 1196 956 quidem
1217 905 1367 944 nihilist

67 980 133 1015 180
367 973 435 1024 qui
456 973 553 1011 nihil
574 980 705 1012 amat:
736 972 833 1023 quid
855 972 890 1011 ei
911 972 1064 1010 homini
1086 974 1177 1023 opu’
1199 972 1280 1010 uita
1301 974 1389 1011 est?

204 1039 259 1078 ire
275 1040 390 1078 decet
412 1052 485 1085 me,
505 1045 547 1076 ut
563 1051 651 1077 erae
668 1051 894 1089 opsequens
911 1038 1014 1086 fiam,
1034 1037 1156 1076 libera
1177 1051 1223 1076 ea
1243 1051 1362 1088 opera
1378 1038 1488 1076 ocius

1364 1111 1405 1142 ut
1427 1103 1485 1142 sit.

203 1170 442 1210 conueniam
463 1171 570 1209 hunc
587 1170 774 1208 Toxilum
792 1185 798 1209 :
829 1169 913 1209 eius
929 1169 1043 1216 auris,
1062 1183 1164 1220 quae
1181 1171 1368 1208 mandata
1384 1176 1485 1217 sunt,
1511 1185 1548 1217 15

1299 1234 1486 1273 onerabo.

195 1349 447 1385 Tox1Lvs
559 1347 863 1383 PAEGvam
977 1346 1447 1383 SOPHOCLIDISCA
1508 1342 1537 1378 ii

149 1431 224 1468 To.
257 1428 367 1468 Satin
388 1429 486 1466 haec
511 1427 582 1466 tibi
604 1435 694 1466 sunt
722 1429 840 1478 plana
860 1434 898 1466 et
926 1429 1061 1466 certa?
1094 1427 1194 1465 satin
1225 1429 1323 1466 haec
1355 1427 1489 1466 memi-

1176 1492 1267 1530 nisti
1289 1501 1327 1531 et
1348 1495 1488 1531 tenes?

151 1563 220 1599 ΡΑ.
253 1559 392 1599 melius
410 1572 529 1609 quam
551 1566 592 1597 tu
610 1558 677 1609 qui
695 1558 876 1597 docuisti.
937 1560 1011 1596 To.
1044 1558 1107 1596 ain
1130 1571 1235 1605 uem,
1254 1559 1487 1597 uerbereum

1341 1627 1488 1676 caput?

66 1698 129 1743 185
153 1696 221 1732 ΡΑ.
253 1692 316 1731 aio
346 1691 452 1730 enim
483 1705 588 1730 uero.
648 1692 723 1729 To.
757 1690 854 1741 quid
885 1704 976 1740 ergo
1007 1690 1116 1729 dixi?
1174 1692 1243 1728 ΡΑ.
1276 1704 1349 1740 ego
1383 1699 1488 1730 recte

1084 1757 1191 1807 apud
1213 1756 1318 1794 illam
1339 1756 1485 1796 dixero.

149 1827 223 1864 To.
262 1838 343 1863 non
382 1824 525 1873 edepol
565 1822 650 1861 scis.
714 1824 781 1860 ΡΑ.
820 1823 870 1860 dri
910 1823 1041 1860 hercle
1080 1821 1232 1872 pignus,
1274 1822 1314 1859 ni
1353 1823 1487 1860 onmia

1149 1887 1310 1925 memini
1332 1896 1369 1926 et
1391 1888 1484 1936 scio,

150 1965 188 1998 et
209 1957 372 2009 quidem
393 1957 425 1995 si
446 1955 521 1995 scis
543 1963 627 1994 tute
649 1962 746 2006 quot
768 1954 889 1994 hodie
911 1955 1058 1992 habeas
1081 1953 1224 2003 digitos
1247 1953 1285 1991 in
1308 1967 1438 1992 manu.
1508 1969 1524 2000 5

196 2073 257 2103 172
282 2063 345 2093 iam
364 2061 441 2093 teA
531 2061 677 2103 interea]
698 2061 831 2092 interim
852 2060 903 2101 (T
924 2064 962 2091 ul
986 2059 1068 2091 vids
1093 2059 1142 2088 vel
1162 2059 1316 2089 interiam
1334 2058 1434 2093 (PBG)
1457 2059 1490 2089 P

154 2117 213 2147 173
236 2108 311 2138 ouis
328 2105 456 2146 Bergk:
482 2106 555 2146 qui?
579 2105 624 2147 A,
642 2105 723 2144 sort.
753 2110 828 2136 recle
855 2104 924 2145 [sed
942 2105 980 2144 cf.
1001 2103 1048 2134 ad
1067 2103 1159 2134 Truc.
1180 2104 1255 2141 655,
1275 2102 1369 2133 Met-c.
1384 2102 1462 2141 524)
1480 2115 1486 2133 :

151 2153 223 2182 cuis
241 2151 353 2192 (cuius
371 2149 489 2190 TPCD)
501 2149 534 2180 P
621 2150 771 2189 potuisse
788 2150 820 2179 A
939 2159 998 2187 174
1024 2148 1099 2178 fans
1118 2157 1184 2176 non
1203 2146 1369 2176 edidicisti
1385 2151 1486 2185 atque

153 2195 261 2226 infans
287 2195 319 2226 P
489 2195 550 2233 178
575 2193 758 2235 placidum]
790 2192 929 2233 pelagus
955 2194 987 2222 A
1164 2201 1224 2230 179
1249 2190 1486 2221 miser—amat

152 2237 410 2270 Lemniselmndi
424 2237 588 2268 dantllal.
695 2237 776 2268 nihil
794 2243 844 2268 est
862 2236 894 2267 P
1015 2236 1075 2266 180
1103 2235 1197 2265 nihili
1216 2235 1248 2264 A
1334 2235 1380 2275 ei]
1400 2240 1432 2265 et
1450 2234 1482 2264 A

156 2284 212 2315 181
241 2284 377 2314 liberam
395 2293 434 2312 ea
448 2281 481 2312 P
494 2283 523 2320 (ἓ
536 2282 554 2312 ι’.
563 2292 586 2313 e.
607 2281 712 2312 libera
730 2283 818 2318 mea)
958 2281 1017 2310 182
1042 2280 1154 2310 aureis
1172 2279 1205 2308 A
1299 2283 1377 2308 sunt
1395 2288 1485 2308 man-

152 2328 228 2358 data
253 2326 389 2364 Rilsclal,
415 2330 452 2356 ut
474 2335 586 2356 vm‘sns
608 2326 832 2366 anapaesticus
849 2324 918 2362 fia!
1032 2323 1092 2362 183
1116 2322 1238 2362 planae
1257 2322 1332 2361 (-ne
1348 2320 1437 2358 PCD)
1456 2321 1490 2352 P

152 2371 214 2401 hac
231 2371 263 2400 A
360 2371 418 2408 184
444 2375 478 2399 tu
495 2379 561 2399 0111.
583 2368 616 2399 P
704 2370 762 2408 187
789 2367 954 2409 Equidem
972 2366 1004 2397 P
1092 2371 1163 2397 tute
1189 2366 1225 2404 (ι’.
1240 2377 1264 2398 e.
1292 2367 1369 2406 tut')
1395 2366 1485 2406 quod

153 2415 188 2455 (i.
200 2425 222 2445 e.
241 2417 334 2454 quot*
355 2413 481 2445 habeas
500 2413 602 2445 hodie
619 2412 650 2445 P
