1747 2740
230 113 298 153 Li
696 116 742 154 T.
777 117 958 156 MACCI
991 117 1196 154 PLAVTI

337 227 412 265 To.
444 241 468 266 o
489 227 710 278 Sagaristio,
733 227 773 267 di
793 235 928 267 ament
949 236 997 267 te.
1058 230 1149 268 SAG.
1183 243 1208 267 o
1228 228 1379 276 Toxile,
1401 229 1555 268 dabunt
1574 228 1615 268 di

1318 307 1420 344 quae
1439 302 1612 344 exoptes.

848 367 891 397 ut
911 361 1048 398 uales?

606 427 679 463 To.
713 432 755 463 ut
774 438 888 475 queo.
949 427 1042 464 SAG.
1074 424 1170 475 quid
1191 424 1344 475 agitur?
1637 429 1698 469 17a

849 491 922 528 To.
956 489 1112 528 uiuitur.
1638 493 1699 538 17b

224 571 266 592 20
337 557 429 594 SAG.
461 555 561 593 satin
602 569 693 605 ergo
732 570 778 594 cx
816 555 1040 594 sententia?
1109 557 1183 593 To.
1215 556 1247 593 si
1286 554 1475 594 eueniunt
1513 568 1616 606 quae

1331 629 1486 670 exopto,
1509 619 1612 659 satis.

283 687 376 725 SAG.
409 685 517 723 nimi’
539 688 655 724 stulte
681 685 817 724 amieis
845 693 964 725 utere.
1024 687 1098 724 To.
1132 685 1229 736 quid
1259 685 1366 724 iam?
1423 686 1514 724 ΒΑΘ.
1547 684 1616 723 im-

1293 763 1428 800 perare
1447 758 1612 800 oportet.

282 817 356 854 To.
380 816 476 854 mihi
493 816 655 866 quidem
671 824 713 855 tu
730 815 807 854 iam
824 830 908 856 eras
930 824 1117 864 mortuos,
1134 815 1227 866 quia
1243 830 1323 855 non
1338 824 1376 854 te
1392 815 1611 854 uisitabam.
1634 830 1680 856 20

279 882 373 920 SAG.
406 881 607 931 negotium
636 882 910 932 edepol—TO.
944 883 1112 920 ferreum
1140 882 1332 920 sortasse?
1389 882 1481 920 SAG.
1513 881 1615 930 plus-

1311 947 1444 985 culum
1464 959 1613 984 annum

279 1011 334 1049 fui
353 1011 610 1062 praeferratus
630 1013 737 1062 apud
759 1013 883 1051 molas
906 1012 1086 1051 tribunus
1106 1011 1314 1062 uapularis.

221 1091 260 1124 25
279 1078 354 1115 To.
377 1078 482 1116 uetu'
497 1077 574 1115 iam
592 1077 711 1116 istaec
729 1077 903 1116 militiast
923 1085 1000 1116 tua.
1043 1080 1136 1117 SAG.
1156 1077 1257 1116 satin
1274 1085 1315 1115 tu
1332 1090 1458 1127 usque
1473 1076 1614 1116 ualuis-

1143 1143 1215 1181 -ti?
1271 1145 1344 1181 To.
1377 1144 1455 1181 hau
1475 1143 1609 1193 probe.

278 1208 370 1246 SAG.
403 1222 495 1259 ergo
515 1210 658 1259 edepol
679 1210 813 1258 palles.
854 1209 929 1247 To.
961 1208 1117 1247 saucius
1138 1209 1263 1247 factus
1284 1221 1371 1246 sum
1394 1207 1432 1245 in
1445 1207 1612 1246 Veneris

1437 1272 1611 1323 proelio:

276 1338 415 1389 sagitta
446 1339 605 1390 Cupido
641 1354 707 1379 cor
741 1354 876 1379 meum
911 1339 1111 1378 transfixit.
1172 1342 1266 1378 sm.
1299 1338 1377 1377 iam
1411 1337 1513 1377 serui
1547 1338 1611 1377 hic
1631 1349 1673 1386 25

1446 1405 1611 1442 amant?

330 1471 405 1508 TO.
436 1470 533 1520 quid
571 1485 644 1521 ego
678 1470 852 1509 faciam?
907 1470 1022 1510 disne
1055 1471 1272 1509 aduorser?
1328 1467 1440 1519 quasi
1478 1467 1611 1506 Titani

1217 1548 1309 1573 eum
1330 1534 1362 1572 is
1383 1533 1609 1584 belligerem

546 1600 681 1651 quibu'
702 1608 760 1639 sat
781 1614 866 1639 esse
887 1614 967 1639 non
989 1601 1163 1650 queam?

216 1679 257 1710 30
330 1667 424 1705 SAG.
456 1665 550 1704 uide
579 1667 701 1704 niodo
730 1668 885 1704 ulmeae
914 1667 1137 1716 catapultae
1163 1672 1274 1704 tuom
1302 1678 1352 1703 ne
1380 1665 1609 1715 transfigant

1494 1730 1606 1768 latus.

436 1797 511 1835 TO.
544 1796 703 1835 basilice
723 1796 828 1847 agito
849 1795 1072 1835 eleutheria.

543 1863 636 1901 SAG.
669 1863 765 1912 quid
805 1861 912 1900 iam?
982 1863 1057 1900 To.
1090 1860 1184 1912 quia
1221 1874 1310 1900 erus
1348 1859 1497 1912 peregri
1535 1867 1604 1899 est.
1628 1869 1693 1909 29⁵

1341 1929 1434 1966 SAG.
1465 1925 1530 1965 ain
1551 1933 1604 1974 tu,

543 1993 690 2044 peregri
713 1995 800 2032 est?
857 1995 930 2031 To.
964 1993 994 2031 si
1017 1995 1086 2032 tut'
1107 1993 1178 2031 tibi
1200 1993 1302 2032 bene
1323 2006 1408 2032 esse

544 2068 636 2109 pote
658 2059 749 2109 pati,
773 2059 862 2097 ueni
882 2075 887 2096 :
919 2061 1029 2097 uiues
1052 2073 1220 2105 mecum,
1626 2068 1694 2109 30⁸

213 2141 255 2172 35
545 2124 708 2163 basilico
727 2124 919 2175 accipiere
941 2123 1058 2162 uictu.

324 2230 362 2259 16
384 2239 404 2260 o
421 2229 476 2261 all.
503 2239 568 2260 om.
593 2229 625 2258 A
734 2229 866 2276 9pste‘s
884 2228 916 2258 A
1065 2238 1103 2268 19
1128 2228 1311 2269 imperare]
1336 2227 1430 2270 [quia
1447 2227 1527 2269 iam]
1546 2228 1604 2259 im·

276 2288 393 2317 pei-arc
405 2278 502 2317 P(iv.
518 2278 552 2315 53
644 2287 687 2308 ρο
711 2278 844 2309 uisitaui
855 2276 888 2306 P
974 2287 1010 2307 21
1041 2277 1154 2316 negoti
1169 2277 1201 2306 Α
1294 2287 1334 2315 24
1359 2286 1432 2307 sum
1447 2277 1555 2307 sactus
1566 2276 1600 2306 A

274 2323 316 2351 26
339 2332 420 2359 crgo
438 2321 470 2350 P
556 2321 700 2353 aduorso
717 2321 751 2352 P
765 2322 862 2362 (3pro
877 2322 975 2351 -sem‘
1072 2321 1114 2361 is]
1135 2321 1186 2351 dis
1205 2319 1238 2350 P
1343 2320 1385 2350 28
1409 2325 1443 2350 ut
1462 2330 1556 2350 meae
1572 2319 1606 2350 P

271 2367 399 2404 30-167
425 2364 528 2403 dzficit
542 2365 574 2395 A
703 2376 746 2405 30
769 2365 797 2396 si
815 2369 886 2396 tute
902 2364 1031 2405 scripsi:
1057 2364 1144 2395 sicut
1162 2370 1194 2395 et
1212 2363 1264 2395 B:
1288 2362 1332 2395 sit
1348 2369 1382 2394 ut
1399 2362 1473 2394 ΡΟ)
1490 2375 1498 2395 ;
1520 2363 1549 2395 si
1565 2367 1600 2394 tu

273 2408 485 2441 Camerarius
