1747 2740
66 169 144 206 III.

92 625 150 657 ι95

92 1154 154 1177 200

168 169 182 205 i
581 170 627 207 T.
661 169 841 208 MACCI
875 169 1079 207 PLAVTI

171 281 239 317 PE.
272 280 402 319 habeo
428 279 607 318 eccillam
636 292 764 317 meam
792 279 990 326 clientam,
1012 280 1258 319 meretricem
1278 281 1506 319 adulescen-

1367 347 1501 384 tulam.

169 412 239 450 sed
271 411 367 461 quid
399 424 445 450 ea
480 425 572 449 usus
604 412 695 449 cst?
766 412 833 449 ΡΑ.
866 418 907 449 ut
938 412 989 450 ad
1025 419 1062 450 te
1095 425 1183 450 earn
1216 411 1293 450 iarn
1327 412 1502 450 deducas
1522 424 1592 461 790

1336 478 1502 515 domum

171 541 303 592 itaque
324 555 411 580 earn
428 543 506 580 huc
527 549 704 580 ornatam
725 542 911 588 adducas,
935 555 982 580 ex
1002 550 1268 581 matronarum
1289 543 1423 590 modo,

171 607 299 657 capite
320 615 493 657 compto,
517 607 633 645 crinis
654 606 852 657 uittasque
873 608 1017 646 habeat
1037 607 1329 658 adsimuletque
1349 620 1390 646 se

170 680 278 711 tuam
300 686 386 711 esse
406 685 567 711 uxorem
588 688 595 710 :
626 672 680 711 ita
699 672 1028 723 praecipiundum
1050 681 1118 712 est.
1180 675 1247 712 PL.
1280 686 1365 712 erro
1385 686 1505 723 quam

1210 738 1365 777 insistas
1386 738 1502 778 uiam.

171 805 240 842 ΡΑ.
272 811 311 842 at
346 802 486 841 scietis.
546 804 617 842 sed
653 816 779 853 ecqua
813 803 994 842 ancillast
1030 803 1114 842 illi?
1181 805 1250 842 PE.
1292 803 1350 842 est
1381 803 1506 855 prime

1405 876 1502 908 cata.

172 937 241 974 ΡΑ.
274 948 320 973 ea
344 947 504 985 quoque
534 947 634 985 opus
659 941 726 973 est.
787 933 840 973 ita
864 933 1080 984 praecipito
1111 933 1263 972 mulieri
1292 941 1412 985 atque
1439 947 1506 973 an·
1523 945 1589 984 795

1337 1001 1503 1049 cillulae‚

172 1075 215 1107 ut
235 1067 391 1106 simulet
412 1080 453 1106 se
474 1074 582 1105 tuam
603 1079 688 1105 esse
708 1079 870 1105 uxorem
890 1072 929 1105 et
949 1065 1126 1116 deperire
1147 1067 1253 1105 hunc
1274 1065 1450 1113 militem,

174 1133 366 1184 quasique
386 1131 526 1184 hu<n>c
546 1133 709 1170 anulum
730 1133 868 1170 faueae
893 1144 987 1169 suae
1007 1131 1173 1180 dederit,
1193 1145 1240 1170 ea
1260 1145 1376 1183 porro
1397 1131 1504 1181 rnihi,

174 1198 286 1237 militi
307 1206 349 1236 ut
369 1199 515 1244 darem,
535 1196 727 1247 quasique
747 1210 820 1247 ego
840 1196 894 1234 rei
916 1196 989 1234 sim
1011 1195 1211 1247 interpres.
1271 1199 1341 1236 PE.
1372 1198 1502 1237 audio.

171 1278 221 1303 ne
243 1277 305 1303 me
326 1265 488 1302 surdum
510 1262 732 1302 uerberauit
749 1265 756 1301 1
787 1262 818 1301 si
839 1263 973 1310 audes,
997 1275 1070 1313 ego
1091 1270 1196 1302 recte
1217 1263 1315 1302 meis

169 1330 273 1369 auris
294 1337 335 1368 ut
556 1343 574 1364 *
766 1327 875 1380 (ΡΑ.)
1067 1342 1085 1363 *
1522 1335 1611 1375 799⁸

173 1395 208 1435 ei
229 1395 346 1442 dabo,
368 1393 425 1447 (a)
445 1402 511 1433 tua
532 1394 585 1432 mi
606 1407 725 1433 uxore
747 1393 876 1433 dicam
899 1395 1074 1432 delatum
1096 1401 1134 1432 et
1155 1394 1306 1442 datum,
1525 1402 1596 1437 800

94 1478 108 1499 2
143 1478 153 1483 ·
174 1470 216 1500 ut
238 1475 322 1500 sese
342 1462 393 1499 ad
414 1474 505 1499 eum
522 1460 772 1498 conciliarem
793 1474 802 1507 3
831 1458 894 1498 ille
909 1458 1104 1497 eiusmodi
1119 1467 1176 1498 est
1194 1474 1200 1497 :
1231 1460 1363 1510 cupiet
1377 1460 1504 1508 miser,

174 1527 241 1578 qui
263 1526 337 1565 nisi
357 1525 551 1565 adulterio
573 1525 773 1564 studiosus
797 1524 850 1563 rei
873 1524 969 1563 nulli
992 1524 1128 1563 aliaest
1150 1525 1350 1576 inprobus.

176 1594 244 1631 PE.
277 1605 358 1630 non
378 1591 506 1642 potuit
526 1591 704 1641 reperire,
728 1590 759 1629 si
780 1589 854 1640 ipsi
876 1589 957 1628 Soli
974 1590 1225 1640 quaerendas
1246 1592 1369 1638 dares,

174 1657 384 1709 lepidiores
419 1658 516 1696 duas
550 1657 602 1695 ad
635 1657 738 1695 hanc
774 1669 855 1694 rem
895 1655 1014 1705 quarn
1054 1669 1137 1707 ego.
1197 1657 1300 1696 habe
1330 1658 1505 1698 animum

1343 1724 1504 1764 bonum.

220 1830 346 1869 789-91
370 1832 499 1868 praesto
530 1832 576 1858 est
601 1828 634 1858 A
804 1830 866 1868 789
890 1828 1048 1859 clientam
1074 1837 1180 1859 meam
1213 1830 1425 1862 meretricem
1448 1832 1506 1864 A:

176 1884 282 1904 meam
315 1872 649 1903 clientameletricem
677 1871 710 1902 P
734 1872 824 1913 (mel.
843 1873 963 1912 forma
989 1872 1153 1913 vulgaris)
1306 1884 1370 1914 790
1392 1880 1450 1906 aut
1472 1876 1506 1906 A

177 1917 242 1957 (vel
255 1917 296 1954 A,
319 1917 338 1947 i.
354 1927 377 1947 e.
394 1922 475 1956 pers.
497 1919 583 1954 nota,
603 1917 654 1956 ut)
791 1926 849 1956 79¹
871 1927 912 1947 ex
931 1927 995 1946 om.
1015 1915 1048 1945 P
1179 1919 1330 1957 792-804
1354 1929 1507 1950 versuum

177 1961 269 1991 initia
297 1960 452 2001 leguntur
473 1960 506 1989 A
650 1971 712 2000 793
737 1959 844 2000 tuam]
874 1965 940 1990 tam
963 1959 995 1989 P
1126 1970 1188 1999 794
1212 1961 1362 2002 haecque
1386 1962 1420 1993 P
1437 1964 1470 2001 (ι’.
1482 1974 1507 1996 e.

177 2004 322 2044 ecquae)
399 2039 404 2046 l
427 2003 477 2034 vel
498 2003 564 2035 illic
664 2005 771 2045 prime
789 2010 862 2036 cata
886 2003 1100 2035 Salmasius:
1126 2004 1300 2044 primicata
1321 2005 1361 2046 P,
1379 2007 1412 2036 A
1433 2018 1463 2038 u.
1483 2007 1503 2039 Ι.

179 2058 240 2088 795
266 2047 451 2088 praecipito
469 2047 657 2079 saracenus
674 2061 680 2079 :
705 2048 876 2088 praecipio
889 2047 930 2084 P,
950 2047 982 2077 A
1001 2058 1034 2078 n.
1052 2046 1072 2078 I.
1209 2058 1270 2088 797
1297 2049 1386 2082 hunc
1407 2050 1482 2081 Ital.
1501 2063 1508 2082 ε

178 2093 240 2123 hoc
258 2091 341 2122 AB:
359 2092 424 2122 huc
439 2091 513 2121 PCD
602 2093 717 2124 faucae
731 2103 814 2123 suae
828 2090 993 2132 Scaliger:
1013 2090 1180 2122 samaesae
1199 2092 1348 2135 [ancille]
1364 2093 1508 2134 (famose

178 2136 297 2167 ancille
314 2135 358 2165 Bu
379 2135 410 2165 P
426 2137 483 2176 (iv.
506 2147 532 2174 1,
551 2147 582 2176 p.
604 2138 673 2172 615,
693 2136 725 2166 Α
739 2147 770 2168 n.
787 2136 807 2167 I.
947 2135 1009 2174 798
1032 2133 1108 2176 (ei)
1126 2135 1173 2165 rei
1190 2134 1318 2167 Ritschl
1446 2148 1510 2178 799

179 2185 335 2210 uei-uerat
363 2181 409 2210 uit
438 2180 645 2221 (uerberauit
675 2180 721 2219 Β)
754 2180 781 2211 si
809 2178 906 2210 audis
933 2177 997 2209 cod.
1015 2188 1021 2208 :
1040 2187 1116 2208 esse
1135 2179 1308 2228 arbitreris
1333 2181 1453 2220 (immo
1472 2187 1508 2212 tu

1275 2229 1315 2249 ult

179 2258 360 2291 arbitrere)
378 2258 480 2289 sodes
498 2258 632 2299 Sqiffert
699 2258 779 2297 fort.
800 2256 941 2287 uerbera
961 2253 1061 2295 (mule
1073 2254 1139 2286 cod.
1158 2256 1328 2295 uerberat)
1431 2261 1508 2298 799⁸

181 2313 244 2332 om.
265 2301 298 2331 P
311 2302 360 2341 (si
373 2302 406 2331 in
423 2302 453 2331 ei
474 2302 524 2341 (qs.
543 2313 571 2333 v.
591 2302 670 2333 8005
688 2311 799 2332 versus
816 2299 915 2336 desiit,
932 2302 1064 2339 propter
1077 2299 1280 2331 homoeotclA
1381 2304 1506 2338 (meas)

182 2346 286 2376 Auris
310 2350 385 2376 utor
409 2344 566 2385 Seyffert:
591 2345 739 2376 Auribus
764 2350 838 2374 utor
861 2343 926 2374 Lco
1059 2343 1124 2372 800
1150 2343 1211 2373 leil
1231 2344 1318 2375 dabo
1334 2344 1367 2374 A
1402 2346 1507 2386 suppl.

183 2389 355 2421 Ribbecki:
381 2389 467 2419 dabo
485 2388 516 2418 P
662 2400 679 2419 a
700 2388 773 2419 vdd.
797 2387 1007 2418 Cameram'us
1024 2385 1072 2424 &A
1092 2396 1123 2417 n.
1144 2385 1180 2425 Ι.)
1320 2398 1461 2419 uxorem
1478 2389 1512 2420 P

186 2433 232 2463 (A
254 2444 287 2463 n.
307 2433 347 2466 l.)
451 2433 514 2471 803
541 2433 633 2471 potui
649 2431 688 2467 Ρ,
701 2432 732 2462 Α
747 2443 778 2462 n.
793 2431 812 2463 1.
909 2429 1050 2469 reperiri
1064 2428 1097 2459 B
1194 2431 1257 2472 804
1281 2430 1409 2477 (ergo)
1421 2432 1509 2465 habe

186 2476 323 2509 Pradel:
351 2475 496 2518 (dabo.)
514 2476 596 2506 habe
614 2475 724 2506 Luchs
741 2475 789 2518 <A
809 2486 839 2506 n.
863 2473 900 2506 Ι.)
