1747 2740
174 156 251 194 III.
276 156 306 193 ii
686 156 733 193 T.
767 155 948 194 MACCI
982 156 1184 193 PLAVTI

271 279 363 304 narn
386 266 548 304 istorum
571 266 702 304 nullus
722 265 914 303 nefastust
934 279 940 302 :
971 263 1188 302 comitiales
1209 272 1300 302 sunt
1321 264 1444 312 meri:

271 331 324 370 ibi
346 331 537 378 habitant,
561 331 614 369 ibi
637 343 705 369 eos
726 329 947 380 conspicias
969 343 1087 380 quam
1109 337 1329 380 praetorem
1352 330 1518 381 saepius.
1627 336 1690 381 585

271 396 391 435 hodie
412 396 505 435 iuris
525 395 719 434 coctiores
740 408 821 433 non
843 402 934 432 sunt
954 394 1021 444 qui
1042 394 1118 432 litis
1139 402 1273 433 creant

212 478 252 500 10
271 475 391 511 quarn
413 461 453 499 hi
474 468 566 499 sunt
587 460 665 510 qui,
690 459 720 498 si
743 459 839 497 nihil
862 466 920 497 est
940 459 1101 508 quicum
1123 459 1288 509 litigent,
1310 459 1388 498 litis
1408 468 1555 499 emunt.

271 529 376 565 Anv.
399 525 441 564 di
461 533 500 564 te
520 526 687 576 perdant
706 528 713 563 !
773 526 845 563 M1.
871 537 943 562 uos
964 523 1126 574 quidem
1144 525 1422 564 hercle—cum
1444 539 1493 565 eo
1512 539 1604 564 cum

1312 589 1451 641 quiqui
1471 599 1605 630 tamen

271 664 310 696 et
329 658 432 696 bene
453 664 491 695 et
512 656 683 706 benigne
704 655 830 694 facitis
851 656 973 705 quom
995 668 1061 693 ero
1081 655 1229 694 amanti
1251 668 1411 706 operam
1433 656 1545 695 datis.

272 723 342 760 sed
363 722 424 760 isti
445 722 522 760 iam
545 721 673 759 sciunt
694 720 827 771 negoti
849 720 945 770 quid
967 720 1045 759 sit?
1100 722 1176 758 AG.
1209 734 1329 759 omne
1349 720 1389 758 in
1410 721 1601 760 ordinem.
1625 734 1693 771 59ο

273 789 345 826 ΜΙ.
379 794 462 825 tum
490 800 562 825 uos
585 787 763 825 animum
784 786 981 825 aduortite
1002 785 1126 837 igitur.
1186 787 1292 825 hunc
1319 799 1392 824 uos
1418 787 1603 825 lenonem

1454 853 1604 902 Lycum

214 934 250 966 15
271 918 465 957 nouistis?
521 920 626 956 ADv.
658 918 785 957 facile.
843 918 916 958 Co.
947 925 986 956 at
1016 919 1083 968 pol
1113 931 1186 968 ego
1211 930 1303 956 eurn
1333 930 1412 968 qua
1438 917 1486 956 sit
1506 917 1605 956 facie

1456 982 1602 1022 nescio.

271 1062 363 1088 eum
377 1048 472 1086 mihi
488 1050 580 1087 uolo
597 1048 877 1087 demonstretis
891 1047 1106 1087 hominem.
1147 1050 1254 1087 ADv.
1277 1061 1350 1086 nos
1365 1048 1602 1086 curabimus.

271 1114 354 1153 sati'
375 1121 677 1165 praeceptumst.
737 1117 810 1152 AG.
844 1113 908 1152 hic
939 1121 1135 1152 trecentos
1165 1127 1351 1152 nummos
1378 1122 1605 1152 numeratos

1471 1180 1602 1219 habet.

272 1250 376 1286 ADV.
409 1260 501 1298 ergo
522 1261 595 1286 nos
616 1247 810 1297 inspicere
830 1255 986 1297 oportet
1007 1247 1107 1285 istuc
1128 1259 1279 1294 aurum,
1302 1247 1589 1296 Agorastocles,
1625 1259 1690 1296 595

271 1321 314 1352 ut
334 1313 504 1352 sciamus
525 1313 621 1363 quid
642 1313 821 1351 dicamus
843 1326 934 1351 mox
955 1326 1026 1363 pro
1046 1311 1285 1350 testimonio.

210 1393 253 1416 20
272 1379 344 1418 Co.
377 1378 491 1428 agite,
514 1378 708 1428 inspicite.
767 1380 870 1416 ADv.
903 1391 1042 1416 aurum
1067 1385 1125 1415 est
1150 1378 1328 1427 profecto
1352 1377 1430 1420 hic,
1455 1385 1604 1427 specta-

1241 1450 1354 1489 toreS,
1377 1443 1575 1482 cornicum
1596 1458 1602 1481 :

270 1517 471 1548 macerato
492 1511 568 1548 hoc
590 1509 754 1560 pingues
777 1510 875 1547 fiunt
895 1522 991 1547 auro
1013 1509 1051 1546 in
1074 1508 1252 1546 barbaria
1275 1508 1423 1553 boues;

269 1589 406 1614 uerum
435 1576 485 1614 ad
513 1576 615 1613 hanc
643 1588 724 1613 rem
751 1576 950 1625 agundam
975 1574 1201 1625 Philippum
1223 1582 1305 1612 est:
1338 1573 1391 1612 ita
1411 1587 1484 1613 nos
1503 1575 1603 1613 adsi-

1351 1640 1599 1679 mulabimus.

270 1708 342 1747 CO.
380 1708 449 1745 sed
477 1706 529 1745 ita
556 1706 834 1745 adsimulatote
861 1706 972 1757 quasi
1000 1719 1073 1756 ego
1103 1705 1175 1744 sim
1197 1705 1433 1756 peregrinus.
1493 1708 1598 1744 ADv.
1621 1711 1693 1746 600

1441 1771 1600 1819 scilicet,

271 1845 309 1876 et
330 1837 492 1888 quidem
514 1836 625 1888 quasi
646 1845 687 1875 tu
708 1836 917 1875 nobiscum
938 1837 1157 1876 adueniens
1180 1836 1299 1876 hodie
1320 1837 1491 1875 oraueris

213 1919 250 1951 ²5
271 1903 437 1941 liberum
460 1910 502 1941 ut
522 1910 893 1940 commostraremus
914 1902 984 1941 tibi
1006 1905 1137 1941 locum
1159 1911 1197 1942 et
1218 1903 1483 1953 uoluptarium

271 1969 339 2008 ubi
355 1982 474 2015 ames,
492 1975 614 2018 potes,
631 1981 889 2018 pergraecere.
938 1969 1010 2006 Co.
1035 1982 1083 2007 eu
1098 1969 1240 2019 edepol
1258 1969 1432 2007 mortalis
1453 1971 1577 2008 malos
1595 1973 1602 2008 l

270 2037 346 2073 AG.
378 2047 451 2085 ego
471 2033 576 2072 enim
604 2033 734 2072 docui.
798 2035 869 2072 M1.
903 2034 990 2084 quis
1016 2042 1052 2072 te
1080 2037 1224 2085 porro?
1273 2035 1345 2074 Co.
1377 2034 1479 2085 agite
1499 2035 1602 2074 intro

1172 2100 1288 2143 abite,
1312 2102 1599 2151 Agorastocles,

271 2178 321 2204 ne
341 2164 405 2203 hic
426 2177 497 2203 uos
519 2177 675 2203 mecum
696 2164 945 2215 conspicetur
966 2166 1056 2203 leno
1078 2179 1153 2204 neu
1176 2165 1350 2204 fallaciae
1619 2169 1688 2213 605

316 2269 380 2307 586
404 2268 572 2298 doctiores
590 2267 663 2299 Ital.
686 2268 732 2303 <A
752 2279 783 2300 n.
803 2267 930 2307 l.)sort.
952 2272 1024 2299 recle
1142 2270 1204 2308 587
1230 2269 1316 2309 quie.
1343 2269 1364 2300 l.
1384 2269 1404 2300 l.
1425 2269 1473 2311 e.]
1493 2269 1600 2301 litium

273 2313 350 2343 lites
370 2316 506 2342 semunt
522 2311 555 2342 P
572 2314 670 2351 (lpro
683 2310 818 2353 (aliud)
830 2311 881 2342 vel
895 2310 1117 2354 (quicquam)
1129 2312 1175 2343 lit.
1191 2316 1262 2345 etc.)
1352 2313 1417 2352 588
1440 2323 1539 2352 quom
1558 2324 1600 2344 eo

275 2366 376 2395 quom
391 2355 728 2395 P(a›1tiquajbrmal
819 2365 883 2393 590
906 2365 1037 2385 omnem
1054 2356 1086 2385 iu
1101 2357 1220 2386 ordine
1237 2356 1288 2386 P:
1313 2366 1414 2386 omne
1432 2358 1465 2387 in
1479 2357 1600 2388 ordine

275 2400 349 2431 Ital.
450 2409 512 2438 593
538 2399 615 2429 uolo
633 2399 710 2429 mihi
727 2398 760 2428 Ρ
857 2408 918 2437 597
944 2399 1007 2428 hoc
1027 2398 1181 2439 Gepprrtz
1205 2410 1270 2430 om.
1290 2398 1323 2429 P
1420 2411 1484 2440 599
1508 2401 1549 2442 al?
1564 2401 1597 2431 A

277 2443 446 2482 agundum
468 2449 518 2472 est
540 2443 728 2482 philippum
751 2447 801 2472 est
829 2442 872 2472 ita
900 2452 962 2472 nos
982 2442 1222 2473 adsimulemus
1243 2443 1276 2473 A
1409 2446 1471 2474 601
1500 2444 1600 2475 hodie

278 2499 342 2521 om.
363 2489 392 2517 A
482 2487 547 2518 602
572 2486 749 2519 uoltarium
767 2485 799 2517 A
899 2486 964 2527 603
989 2496 1030 2516 cu
1049 2497 1113 2517 om.
1134 2487 1166 2516 A
1266 2488 1397 2526 604-34
1420 2487 1506 2518 deest
1521 2489 1554 2521 Α
