1747 2740
149 146 218 184 IV.
240 146 286 183 iv
651 147 698 184 T.
733 145 914 184 MACCI
946 145 1152 183 PLAVTI

177 271 217 305 45
238 271 339 308 quae
367 259 418 297 ad
446 271 529 297 rem
559 258 740 296 referunt.
800 259 878 296 Do.
911 264 1031 306 atque
1061 257 1191 295 hercle
1217 264 1259 295 tu
1290 270 1354 295 me
1383 256 1571 296 monuisti

1355 323 1433 360 hau
1454 324 1567 363 male.

238 388 327 427 uide
348 388 410 436 sis,
433 403 506 438 ego
529 388 591 427 ille
613 389 753 427 doctus
774 389 865 426 leno
886 401 1012 437 paene
1033 386 1071 425 in
1093 388 1250 426 foueam
1271 387 1414 435 decidi,

236 454 276 492 ni
306 454 369 493 hic
402 455 571 493 adesses.
631 460 823 503 quantum
858 462 916 491 est
945 453 1135 491 adhibere
1164 453 1368 492 hominem
1397 453 1569 492 amicum
1590 466 1653 503 595

1231 517 1299 556 ubi
1321 517 1416 568 quid
1436 532 1546 568 geras
1563 522 1569 557 !

235 585 310 623 To,
350 597 430 634 quo
459 597 601 634 genere
631 591 698 622 aut
728 597 806 633 qua
836 582 875 621 in
905 582 1029 633 patria
1058 591 1149 622 nata
1177 583 1226 622 sit
1255 591 1322 622 aut
1351 583 1486 634 quibu'
1507 597 1571 635 pa-

1379 649 1566 699 rentibus,

234 728 284 753 ne
304 723 450 754 temere
466 717 569 753 hanc
590 722 628 753 te
648 715 791 754 emisse
812 714 920 753 dicas
942 714 1005 752 me'
1026 714 1241 765 impulsore
1261 722 1328 753 aut
1349 714 1478 762 inlice,

174 797 214 828 50
234 782 326 819 uolo
361 788 398 819 te
437 780 668 831 percontari.
731 783 806 818 Do.
853 780 949 830 quin
984 782 1115 828 laudo,
1152 780 1326 831 inquam,
1360 780 1569 819 consilium

1444 854 1566 885 tuom.

233 912 308 950 TO.
353 911 427 950 nisi
462 913 673 950 molestum
707 919 775 959 est,
808 911 1027 962 percontari
1062 913 1165 950 hanc
1204 912 1339 962 paucis
1374 911 1437 950 hic
1472 913 1566 950 uolt.

1247 978 1338 1015 SAG.
1372 990 1565 1023 maxume,

232 1057 304 1082 suo
323 1043 521 1082 arbitratu.
580 1045 654 1081 To.
686 1042 783 1093 quid
804 1045 912 1082 stas?
939 1043 1005 1082 adi
1021 1043 1072 1081 sis
1089 1051 1172 1082 tute
1191 1051 1310 1093 atque
1326 1043 1410 1093 ipse
1430 1042 1566 1081 itidem
1585 1047 1656 1081 600

1476 1121 1568 1158 roga

232 1182 273 1213 ut
294 1174 364 1213 tibi
385 1173 606 1225 percontari
626 1173 741 1212 liceat
761 1187 864 1224 quae
884 1173 981 1212 uelis
998 1188 1008 1221 ;
1035 1173 1108 1212 etsi
1129 1173 1224 1211 mihi

231 1240 326 1279 dixit
347 1242 441 1278 dare
461 1247 696 1290 potestatem
718 1239 815 1277 eiius
831 1254 842 1286 3
870 1240 941 1277 sed
961 1252 1035 1288 ego
1055 1248 1094 1277 te
1115 1241 1220 1277 malo
1239 1247 1372 1278 tamen

170 1319 209 1354 55
229 1320 393 1356 eumpse
431 1305 549 1351 adire,
584 1312 626 1342 ut
660 1318 711 1343 ne
744 1312 975 1343 contemnat
1009 1313 1047 1343 te
1083 1304 1157 1343 ille.
1229 1307 1304 1344 Do.
1346 1304 1430 1343 sati'
1462 1312 1566 1344 recte

1413 1384 1564 1409 mones.

228 1439 382 1488 hospes,
406 1438 499 1476 uolo
517 1450 590 1487 ego
610 1437 713 1474 hanc
739 1435 972 1486 percontari.
1032 1436 1126 1474 SAG.
1156 1448 1180 1474 a
1200 1444 1300 1474 terra
1326 1437 1377 1474 ad
1397 1437 1564 1484 caelum,

1341 1501 1561 1551 quidlubet.

230 1571 306 1607 Do.
348 1568 440 1606 iube
471 1569 566 1606 dum
599 1581 645 1605 ea
678 1568 756 1605 huc
790 1567 954 1605 accedat
992 1567 1043 1604 ad
1074 1579 1147 1604 me.
1208 1567 1302 1604 SAG.
1338 1566 1349 1604 i
1388 1580 1482 1605 sane
1516 1580 1562 1605 ac
1581 1569 1648 1615 605

964 1626 966 1628 ’
1214 1645 1363 1670 morem
1386 1631 1438 1669 illi
1459 1645 1559 1681 gere.

227 1706 468 1750 percontare,
504 1697 663 1747 exquire
702 1697 870 1747 quiduis.
935 1699 1010 1735 To.
1055 1710 1140 1746 age,
1177 1710 1249 1747 age
1288 1711 1394 1736 nunc
1432 1706 1485 1744 tu,
1522 1697 1561 1735 in

1368 1763 1560 1814 proelium

228 1830 320 1869 uide
354 1837 395 1867 ut
429 1828 646 1878 ingrediare
680 1828 894 1878 auspicato.
955 1830 1020 1866 V1.
1061 1828 1296 1878 liquidumst
1328 1828 1560 1879 auspicium,

1463 1902 1559 1933 tace.

167 1967 208 2000 60
227 1961 375 1999 curabo
396 1967 437 1998 ut
458 1959 633 2010 praedati
656 1960 818 2009 pulchre
839 1960 889 1997 ad
911 1967 1035 1997 castra
1056 1959 1357 1998 conuortamini.

227 2028 301 2064 TO.
334 2027 511 2064 concede
539 2025 651 2072 istuc,
673 2038 745 2074 ego
776 2024 880 2062 illam
911 2026 1119 2063 adducam.
1184 2027 1259 2063 Do.
1296 2038 1378 2075 age,
1408 2034 1449 2063 ut
1479 2038 1560 2063 rem

1073 2104 1158 2129 esse
1180 2091 1218 2128 in
1240 2099 1412 2129 nostram
1434 2099 1558 2140 putas.

271 2207 335 2237 593
359 2202 519 2237 reperent
537 2197 568 2227 A
662 2195 777 2236 atque]
797 2201 828 2226 et
848 2195 904 2235 qui
923 2195 954 2226 P
1089 2205 1151 2234 594
1178 2205 1240 2234 ego
1265 2194 1320 2225 ine
1337 2193 1470 2234 doctus]
1490 2194 1563 2232 (ne)

228 2241 281 2280 ille
299 2241 449 2282 &Myrtus
468 2241 499 2270 A
593 2240 670 2270 leno
698 2239 762 2280 [et]
781 2240 812 2269 A
949 2248 1010 2276 595
1035 2239 1208 2268 hominem
1233 2239 1375 2268 amicum
1399 2238 1562 2268 adhibere

227 2286 260 2315 A
353 2290 446 2323 gerat
465 2284 496 2313 A
632 2294 695 2322 597
721 2284 751 2312 d.
773 2292 872 2312 suasu
893 2287 992 2320 atque
1007 2282 1140 2321 inpulsu
1154 2292 1228 2312 meo
1240 2281 1273 2312 P
1412 2281 1476 2320 598
1492 2292 1558 2312 om.

229 2328 260 2358 Ρ
388 2330 453 2358 600
477 2327 527 2357 abi
548 2327 629 2365 (om.
659 2327 721 2357 sisN
748 2326 780 2356 P
919 2328 983 2364 604
1009 2326 1196 2364 percontiri
1221 2326 1254 2354 A
1397 2326 1462 2362 605
1487 2335 1561 2354 eam

229 2372 366 2402 Redslob
456 2372 519 2401 hoc
537 2371 568 2400 A
599 2370 878 2409 antiquasormm
992 2370 1057 2398 608
1081 2379 1145 2399 om.
1167 2368 1200 2400 P
1306 2369 1372 2408 609
1395 2367 1495 2409 istuc]
1514 2369 1563 2399 sis

229 2416 292 2447 iam
312 2416 354 2456 (si
380 2425 471 2445 suam
499 2414 544 2453 Β)
564 2413 597 2444 P
683 2419 798 2452 putras
815 2413 846 2442 A
