1747 2740
758 137 936 174 PERSA
1445 141 1514 178 IV.
1535 141 1581 179 iii

182 244 314 285 litibus
335 259 464 296 neque
491 244 606 283 tricis.
666 244 926 295 quamobrem
955 259 1028 296 ego
1055 255 1259 297 argentum
1289 262 1515 287 enumerem

1387 315 1488 353 foras
1501 316 1519 353 ?

182 375 256 415 nisi
278 375 488 427 mancupio
509 376 672 426 accipio,
697 376 792 426 quid
814 392 862 415 co
885 377 977 415 mihi
1000 386 1117 427 opust
1139 378 1427 418 mercimonio?

181 442 254 480 To.
288 449 400 480 tacen
416 454 465 479 an
488 455 568 479 non
591 443 725 480 taces?
752 455 971 492 numquam
993 456 1066 493 ego
1080 451 1117 481 te
1132 451 1211 481 tam
1226 458 1310 483 esse
1327 447 1515 483 matulam

1352 511 1513 550 credidi.

178 572 305 623 quid?
325 571 496 611 metuis?
540 574 617 611 DO.
651 580 786 611 metuo
808 575 938 613 hercle
955 587 1060 613 uero.
1107 574 1211 613 sensi
1228 589 1301 625 ego
1318 575 1393 614 iam
1411 590 1516 615 com-

1328 642 1515 691 pluriens,

91 713 155 750 535
176 716 308 754 neque
328 703 381 742 mi
402 704 509 742 haud
532 703 701 753 inperito
723 704 879 743 eueniet
901 705 965 743 tali
990 713 1031 743 ut
1053 705 1090 743 in
1114 707 1197 744 luto
1218 707 1411 745 haeream.
1533 714 1575 757 65

175 771 249 808 To.
273 769 369 808 nihil
384 769 517 819 pericli
532 769 628 807 mihi
643 769 809 809 uidetur.
854 773 931 809 Do.
951 771 1032 810 scio
1048 771 1159 818 istuc,
1169 773 1239 810 sed
1254 781 1388 811 metuo
1403 773 1509 811 mihi.

175 836 249 873 To.
283 848 371 873 mea
392 834 554 885 quidem
571 834 671 873 istuc
689 835 784 873 nihil
808 837 921 874 refert
939 851 945 874 ε
977 836 1043 874 tua
1064 850 1137 886 ego
1158 838 1235 875 hoc
1257 837 1357 876 facio
1378 838 1509 888 gratia,

175 906 218 938 ut
239 899 309 938 tibi
331 907 435 938 recte
457 899 695 938 conciliandi
718 900 845 950 primo
866 902 1034 939 facerem
1058 901 1224 952 copiam.

25 978 157 1012 539-40
178 967 253 1003 Do.
276 965 439 1016 gratiam
456 966 595 1003 habeo.
647 967 717 1004 sed
738 974 776 1004 te
796 967 846 1004 de
861 966 946 1004 aliis
960 981 1078 1016 quam
1095 967 1192 1006 alios
1208 970 1258 1007 de
1275 976 1313 1007 te
1334 969 1509 1008 suauiust

173 1031 255 1069 fieri
275 1032 426 1070 doctos.
487 1032 561 1069 To.
594 1044 643 1069 ne
665 1031 751 1081 quis
773 1045 867 1070 uero
888 1046 934 1070 ex
954 1032 1101 1070 Arabia
1121 1033 1379 1082 penitissuma
1530 1047 1570 1081 70

169 1104 435 1147 persequatur.
495 1096 613 1135 etiam
637 1104 678 1134 tu
700 1096 805 1134 illam
827 1096 1033 1136 destinas?
1078 1099 1154 1135 Do.
1188 1098 1345 1137 uideam
1369 1101 1490 1138 modo

169 1161 482 1201 mercimonium.
543 1163 617 1199 To.
653 1175 780 1211 aequa
808 1161 917 1200 dicis.
977 1163 1046 1201 sed
1074 1170 1237 1213 optume
1264 1177 1401 1202 eccum
1425 1165 1508 1216 ipse

1345 1231 1507 1269 aduenit

167 1294 312 1344 hospes
328 1293 392 1332 ille
408 1293 475 1344 qui
490 1295 559 1332 has
573 1293 736 1332 tabellas
750 1292 889 1331 attulit.
935 1295 1011 1332 Do.
1035 1293 1232 1333 hicinest?
1259 1296 1332 1333 To.
1355 1295 1417 1334 hic
1434 1304 1502 1335 est.

80 1367 145 1404 545
169 1361 246 1398 DO.
275 1359 439 1398 haecine
456 1359 557 1398 illast
573 1358 715 1397 furtiua
730 1358 869 1409 uirgo?
898 1360 973 1397 TO.
1002 1358 1108 1398 iuxta
1120 1367 1251 1398 tecum
1268 1374 1394 1411 aeque
1410 1362 1502 1410 scio,

165 1424 239 1463 nisi
260 1425 352 1475 quia
372 1425 503 1476 specie
525 1424 687 1475 quidem
710 1425 853 1474 edepol
875 1424 1071 1472 liberalist‚
1095 1425 1273 1475 quisquis
1294 1435 1364 1465 est.
1526 1439 1563 1473 75

166 1491 242 1528 Do.
275 1498 333 1529 sat
354 1491 496 1541 edepol
514 1489 748 1529 concinnast
767 1489 875 1528 facie.
926 1491 1000 1528 To.
1033 1492 1074 1528 ut
1091 1491 1351 1542 contemptim
1369 1506 1504 1532 carnu-

1416 1560 1477 1597 fex
1495 1562 1502 1597 1

161 1621 267 1660 taciti
288 1623 604 1673 contemplemus
624 1623 802 1660 formam.
863 1623 940 1659 Do.
973 1622 1092 1659 laudo
1116 1622 1325 1661 consilium
1350 1631 1471 1663 tuom.

160 1734 507 1773 SAGARrsrro
586 1736 770 1772 VIRGO
853 1734 1104 1771 Toervs
1190 1732 1562 1772 DORnALvsiv

161 1817 253 1854 SAG.
281 1816 389 1855 Satin
404 1817 585 1854 Athenae
602 1816 672 1854 tibi
690 1823 780 1854 sunt
798 1815 905 1854 uisae
920 1816 1140 1853 fortunatae
1154 1823 1272 1865 atque
1289 1816 1497 1866 opiparae?

76 1890 142 1926 550
160 1882 226 1919 Vl.
258 1881 364 1919 urbis
385 1881 555 1931 speciem
579 1881 671 1928 uidi,
695 1880 903 1918 hominum
926 1894 1054 1918 mores
1075 1880 1253 1930 perspexi
1274 1894 1422 1931 parum.

159 1947 234 1984 TO.
267 1946 461 1996 numquid
483 1946 522 1984 in
544 1946 736 1996 principio
758 1945 925 1984 cessauit
947 1946 1111 1983 uerbum
1135 1947 1252 1984 docte
1273 1946 1432 1985 dicere?

161 2012 236 2049 Do.
270 2012 347 2049 hau
369 2010 479 2061 potui
500 2010 617 2049 etiam
640 2011 678 2048 in
701 2010 827 2060 primo
849 2011 971 2048 uerbo
994 2010 1214 2060 perspicere
1236 2011 1478 2060 sapientiam.

201 2124 261 2154 531
290 2124 466 2145 numerum
483 2114 515 2144 P
658 2125 720 2154 532
745 2124 830 2154 opus
847 2113 880 2144 P
1024 2124 1087 2153 534
1113 2115 1162 2145 vel
1176 2115 1221 2145 sic
1235 2114 1399 2155 distingne
1414 2117 1493 2155 quid

158 2159 304 2190 metuis?
432 2159 495 2188 iam
518 2169 584 2189 om.
605 2158 726 2189 Gellius
742 2158 832 2188 Noct.
851 2157 919 2188 Att.
942 2168 972 2197 5,
991 2168 1041 2196 21,
1065 2159 1102 2188 16
1121 2158 1224 2195 (unde
1239 2159 1351 2188 lmusil
1366 2159 1496 2190 Nonius

157 2203 214 2241 87)
237 2202 418 2243 (neglegens
434 2203 552 2232 citano*
633 2213 696 2242 535
722 2202 799 2232 ludo
817 2201 850 2231 P
929 2203 993 2240 536
1018 2213 1047 2241 p.
1062 2213 1092 2232 u.
1115 2209 1197 2239 (0111.
1216 2203 1295 2232 mihi
1330 2202 1364 2232 Ρ
1429 2214 1492 2242 537

157 2247 291 2285 quidem
309 2244 467 2288 (hercle)
484 2245 621 2275 Mueller
709 2246 773 2276 hoc
799 2245 900 2286 facio]
923 2245 1032 2275 resero
1050 2245 1083 2274 P
1098 2246 1142 2277 (v.
1163 2247 1198 2284 4)
1334 2256 1408 2285 539,
1429 2258 1494 2286 540

156 2289 241 2320 alios
265 2290 306 2319 de
330 2288 379 2330 te]
407 2290 446 2328 (je
472 2295 504 2319 te
528 2289 612 2320 alios
636 2289 668 2319 A
819 2299 877 2327 541
906 2289 1059 2319 barbaria
1085 2289 1117 2318 P
1247 2299 1309 2329 543
1334 2292 1439 2322 adunt
1463 2292 1496 2321 P

158 2333 234 2372 (pro
252 2333 356 2367 adnit,
374 2333 392 2363 ι’.
407 2344 431 2363 e.
451 2333 589 2363 aduenit
602 2333 626 2373 ³⁴)
762 2334 825 2371 546
849 2343 885 2362 es
903 2331 935 2361 P
1065 2343 1126 2371 547
1154 2334 1352 2363 concinnast
1379 2334 1492 2365 (ame-

156 2377 289 2407 rarius:
314 2377 499 2406 concinnas
521 2376 561 2412 P,
585 2377 616 2405 A
639 2387 668 2407 n.
689 2377 708 2407 l.
731 2377 785 2414 (csj
805 2377 881 2415 401)
1026 2378 1089 2414 548
1115 2377 1384 2416 contemplemur
1401 2378 1488 2409 codd.

155 2428 221 2458 549
237 2425 314 2450 sunt
327 2431 391 2450 om.
403 2420 435 2450 P
448 2420 516 2460 (vii,
529 2429 560 2458 p.
576 2421 635 2459 96)
747 2429 811 2458 550
837 2420 1010 2449 hominum
1029 2418 1193 2462 (horum)
1207 2420 1345 2450 Mueller
1357 2436 1363 2455 r
1373 2420 1487 2452 ther‘n.

155 2461 245 2495 Mus.
274 2472 327 2503 54,
353 2464 458 2503 527):
483 2464 652 2494 hominum
677 2461 834 2507 (autem)
858 2462 980 2493 Scleoell
1003 2463 1053 2504 <A
1075 2474 1106 2494 n.
1124 2463 1163 2504 l.)
1282 2466 1441 2505 prospexi
1460 2465 1494 2496 P
