1747 2740
58 664 148 699 1340

54 990 141 1027 1345

50 1316 140 1353 1350

45 1775 130 1813 1355

690 153 983 192 POENVLVS
1457 155 1505 191 V.
1526 153 1571 191 vi

317 359 493 397 chvs
605 360 1053 397 AGORASTOCLES
1168 361 1373 399 HANNo
1527 360 1572 397 vi

608 425 1071 462 ANTAMOENinEs

222 522 291 559 Lx:
327 520 532 571 Decipitur
552 534 682 567 nemo,
707 534 795 559 mea
816 521 978 571 quidem
1000 521 1205 569 sententia,

221 586 288 636 qui
309 585 388 623 suis
407 585 544 624 amicis
566 594 694 624 narrat
715 594 820 625 recte
841 600 900 625 res
922 600 1010 625 suas
1025 601 1036 635 ς

221 664 312 689 nam
333 650 519 688 omnibus
539 650 677 689 amicis
698 650 795 689 meis
818 650 923 689 idem
944 665 1067 690 unum
1089 652 1288 699 conuenit,

220 723 262 753 ut
284 729 346 754 me
366 717 623 766 suspendam,
643 729 693 754 ne
713 716 875 754 addicar
896 717 1154 767 Agorastocli.

218 782 292 819 Ac..
325 782 429 828 leno,
450 794 586 819 eamus
608 781 647 819 in
669 781 739 820 ius.
800 783 870 820 Lv.
904 795 1069 833 opsecro
1090 791 1139 829 te,
1156 785 1443 833 Agorastocles,
1522 799 1539 830 5

217 847 459 897 suspendere
479 854 522 885 ut
543 860 606 885 me
627 846 752 885 liceat.
814 849 894 886 HA.
928 847 967 886 in
989 847 1048 886 ius
1069 856 1107 886 te
1129 862 1241 887 uoco.

218 913 288 950 LY.
312 911 409 962 quid
426 911 496 950 tibi
518 925 675 950 mecum
691 914 855 951 autem?
896 914 976 951 HA.
996 913 1088 963 quia
1114 912 1118 964 Ι
1146 915 1263 953 hasce
1280 914 1343 953 aio
1360 915 1500 954 liberas

217 976 487 1027 ingenuasque
508 991 594 1016 esse
614 977 712 1016 filias
733 978 870 1016 ambas
892 991 998 1016 meas
1016 993 1026 1026 3

214 1056 284 1081 eae
304 1046 396 1081 sunt
416 1051 619 1093 surruptae
639 1057 731 1082 cum
752 1043 904 1082 nutrice
924 1046 1119 1094 paruolae.

214 1109 284 1146 Lv.
317 1108 394 1146 iam
416 1107 568 1158 pridem
591 1108 778 1158 equidem
801 1108 900 1146 istuc
922 1109 1030 1155 sciui,
1054 1118 1092 1148 et
1114 1109 1275 1148 miratus
1296 1110 1350 1149 fui
1519 1125 1558 1147 10

213 1173 413 1212 neminem
435 1173 570 1212 uenire
590 1173 658 1223 qui
679 1173 772 1212 istas
792 1175 988 1212 adsereret
1011 1188 1140 1213 manu.

213 1253 324 1278 meae
344 1239 507 1290 quidem
529 1241 706 1289 profecto
728 1253 809 1278 non
831 1248 934 1278 sunt.
997 1242 1130 1279 ANTA.
1154 1243 1255 1289 leno,
1275 1242 1314 1280 in
1336 1242 1395 1281 ius
1416 1257 1492 1282 eas.

215 1306 285 1343 LY.
319 1307 370 1344 de
391 1304 559 1355 prandio
580 1313 622 1343 tu
644 1305 753 1343 dicis.
815 1306 993 1353 debetur,
1020 1300 1137 1345 dabo.

210 1372 285 1409 AG.
317 1371 484 1421 duplum
506 1383 577 1420 pro
598 1371 701 1409 furto
722 1370 775 1408 mi
796 1383 896 1421 opus
917 1378 985 1409 est.
1047 1373 1116 1410 LY.
1150 1385 1262 1411 sume
1282 1373 1375 1412 hinc
1396 1374 1493 1424 quid

1370 1440 1489 1478 lubet.

211 1503 291 1540 HA.
315 1509 353 1540 et
375 1501 471 1540 mihi
493 1501 696 1552 suppliciis
718 1501 861 1540 multis.
905 1503 975 1540 Lv.
1001 1515 1113 1540 sume
1129 1504 1222 1541 hinc
1239 1503 1335 1553 quid
1354 1505 1463 1543 lubet
1484 1523 1491 1545 ι
1516 1519 1552 1552 15

207 1569 341 1605 ANTA.
363 1574 402 1606 et
424 1567 519 1605 mihi
542 1567 704 1618 quidem
727 1566 834 1605 mina
850 1566 1009 1617 argenti.
1061 1569 1130 1606 LY.
1154 1582 1266 1607 sume
1283 1569 1376 1608 hinc
1393 1571 1490 1620 quid

1369 1636 1488 1675 lubet.

206 1700 310 1737 collo
331 1712 412 1737 rem
434 1699 586 1737 soluam
609 1698 686 1736 iam
709 1697 895 1737 omnibus
917 1698 1029 1748 quasi
1051 1699 1229 1737 baiiolus.

206 1766 280 1802 AG.
299 1764 494 1814 numquid
510 1777 666 1802 recusas
681 1772 817 1802 contra
831 1765 924 1802 me?
945 1766 1014 1802 Lv.
1036 1765 1113 1802 hau
1128 1765 1294 1803 uerbum
1309 1765 1482 1815 quidem.

204 1831 279 1868 AG.
312 1829 364 1868 ite
385 1829 500 1880 igitur
520 1830 632 1877 intro,
657 1829 849 1868 mulieres.
909 1831 990 1876 sed,
1014 1838 1151 1880 patrue
1172 1830 1236 1877 mi,

203 1904 323 1943 tuam,
347 1904 388 1934 ut
409 1895 550 1942 dixisti,
575 1895 669 1933 mihi
691 1897 898 1945 desponde
919 1895 1051 1934 filiam.
1508 1909 1548 1931 20

207 1962 286 1999 HA.
312 1962 418 2000 haud
439 1961 549 1999 aliter
561 1960 699 1999 ausim.
740 1963 874 1999 ANTA.
899 1961 1001 1999 bene
1018 1962 1115 2000 uale.
1159 1963 1235 2000 AG.
1259 1969 1296 2000 et
1319 1970 1359 2000 tu
1382 1963 1485 2002 bene

1384 2030 1482 2066 uale.

201 2094 333 2130 ANTA.
367 2093 467 2138 leno,
487 2092 719 2130 arrabonem
740 2093 817 2130 hoc
838 2105 908 2142 pro
930 2091 1036 2130 mina
1057 2105 1213 2130 mecum
1236 2093 1386 2131 fero.—

195 2206 272 2235 1341
299 2198 457 2227 addicare
475 2197 507 2227 P
622 2207 704 2236 1343
731 2197 842 2239 [leno]
862 2198 894 2228 in
917 2198 968 2228 ius
986 2197 1018 2227 P
1049 2197 1088 2228 iv.
1106 2207 1124 2236 3
1141 2198 1166 2239 3)
1299 2207 1380 2237 1344
1406 2199 1483 2237 quia

146 2238 283 2283 (enim)
296 2240 414 2273 Bothe:
432 2242 512 2281 sort.
526 2240 559 2283 <ί
570 2241 650 2281 quid
664 2243 671 2256 ’
687 2240 807 2284 3>quia
885 2243 943 2283 lias.
956 2242 1065 2281 dqico]
1077 2242 1110 2270 A
1204 2243 1287 2282 1348
1305 2252 1439 2272 manum
1453 2242 1486 2273 P

151 2293 227 2322 1351
256 2285 306 2315 vel
321 2285 401 2315 mihi
421 2291 521 2325 opust
612 2286 654 2315 mi
673 2296 737 2316 om.
759 2285 791 2315 A
882 2286 1056 2324 quidlubet
1075 2285 1272 2317 Acr'dalius:
1296 2287 1481 2325 quodiubet

145 2327 204 2358 A:
228 2329 362 2368 quidem
380 2328 413 2358 P
558 2339 639 2368 ¹352
664 2330 753 2369 quod
771 2329 894 2367 (lufibet
912 2329 944 2358 A
1093 2340 1174 2368 1353
1199 2342 1265 2361 om.
1288 2330 1320 2359 A
1341 2335 1481 2370 [propter

145 2370 327 2404 homoeotel.
343 2375 368 2411 2)
460 2373 510 2403 vel
540 2373 721 2412 miquidem
815 2374 905 2404 mina
939 2373 1171 2404 Cnmemm‘ns:
1206 2375 1376 2404 minimam
1409 2374 1475 2404 cod.

148 2424 231 2454 1355
248 2422 364 2447 contra
388 2416 455 2457 me]
475 2422 625 2447 contram
645 2417 698 2446 A:
731 2423 848 2448 contra
865 2417 1003 2457 Langen
1095 2418 1157 2448 had
1178 2417 1209 2447 P
1242 2419 1280 2458 cs.
1304 2417 1389 2448 Trin.
1415 2418 1479 2457 585

146 2458 211 2489 had
223 2465 285 2499 pro
301 2460 404 2500 haud)
544 2470 623 2501 1357
649 2461 732 2493 dixti
749 2460 782 2491 A
918 2462 1000 2502 1358
1024 2462 1108 2500 alter
1125 2462 1156 2491 A
