1747 2740
127 118 181 157 11.

140 504 183 536 90

140 832 181 864 95

148 1002 180 1029 V

158 1355 176 1386 5

140 1684 178 1707 10

207 118 253 155 iv
631 117 678 154 T.
713 115 894 155 MACCI
929 114 1134 153 PLAVTI

204 225 518 277 suppositionem
540 223 649 275 pueri
671 238 774 275 quae
796 223 892 262 mihi
915 223 1092 270 credidit,

202 306 411 344 germanae
431 292 541 342 quod
563 290 685 329 sorori
706 304 788 328 non
810 289 934 328 credit
955 303 1073 328 soror.

203 357 375 397 ostendit
397 371 482 396 sese
502 356 581 395 iam
602 355 698 394 mihi
721 354 951 394 medullitus
970 370 977 393 ε

203 437 244 462 se
265 423 317 462 mi
339 423 539 462 infidelem
561 435 793 472 numquam,
816 422 913 460 dum
935 420 1054 468 uiuat,
1079 422 1171 459 fore.

203 502 328 540 egone
349 488 455 527 illam
477 496 519 526 ut
539 501 621 526 non
641 489 806 526 amem?
835 501 962 537 egone
983 486 1036 524 illi
1058 495 1100 525 ut
1121 500 1201 524 non
1224 486 1326 525 bene
1347 486 1500 526 uelim?

203 568 265 593 me
286 554 416 605 potius
437 568 518 593 non
539 554 684 592 amabo
705 567 824 603 quam
846 552 939 591 huie
960 551 1062 591 desit
1082 566 1202 590 amor.

201 634 273 670 ego
294 620 356 658 isti
377 633 458 658 non
477 633 624 658 munus
645 618 829 657 mittam?
858 619 983 656 immo
1003 632 1050 656 ex
1071 619 1148 656 hoc
1169 619 1258 656 loeo

200 685 347 724 iubebo
367 687 417 724 ad
439 685 553 723 istam
575 684 752 734 quinque
773 683 932 734 perferri
954 682 1092 729 minas,

202 758 400 801 praeterea
427 749 431 802 Ι
457 749 641 799 opsonari
664 750 867 788 dumtaxat
889 748 1008 787 mina.

203 817 328 854 multo
348 815 401 853 illi
423 814 554 865 potius
576 814 679 852 bene
699 813 770 852 erit
791 827 893 864 quae
915 814 1018 851 bene
1038 814 1122 851 uolt
1144 813 1239 850 mihi

201 894 320 932 quam
342 880 536 929 mihimet,
557 879 690 920 omnia
713 878 779 930 qui
802 878 897 917 mihi
920 878 1020 917 facio
1042 880 1213 917 mala.—

678 991 1059 1027 PHRONES1VM

415 1075 542 1112 Puero
563 1072 625 1110 isti
647 1073 740 1110 date
761 1084 986 1109 mammam.
1047 1078 1089 1109 ut
1110 1070 1275 1110 miserae

198 1147 340 1180 matres
361 1139 631 1189 sollicitaeque
651 1152 699 1177 ex
718 1137 854 1176 animo
875 1145 965 1175 sunt
987 1136 1265 1187 cruciantque!

197 1207 341 1256 edepol
357 1212 629 1244 commentum
653 1205 764 1250 male,
782 1216 985 1253 quomque
1006 1216 1093 1241 eam
1114 1216 1197 1240 rem
1217 1201 1258 1241 in
1278 1202 1399 1242 corde
1418 1200 1535 1254 agito,

197 1270 498 1310 nimio—minu'
519 1268 774 1320 perhibemur
795 1270 921 1307 malae
943 1282 1061 1319 quam
1083 1282 1218 1307 sumus
1239 1267 1410 1319 ingenio.

305 1350 378 1387 ego
398 1335 523 1386 prima
544 1336 594 1374 de
616 1348 689 1381 me,
714 1335 837 1373 domo
858 1335 986 1381 docta,
1010 1333 1110 1372 dico.

305 1409 452 1453 quanta
472 1408 530 1439 est
551 1413 644 1439 cura
664 1399 704 1437 in
725 1399 870 1446 animo,
895 1407 1088 1449 quantum
1109 1400 1229 1438 corde
1249 1398 1364 1450 capio

304 1467 656 1508 dolorem-dolus
678 1479 728 1504 ne
750 1464 907 1503 occidat
929 1471 1054 1503 morte
1075 1464 1185 1515 pueri
1205 1480 1211 1503 :

305 1541 428 1573 mater
448 1533 554 1572 dicta
575 1533 683 1582 quod
706 1544 805 1578 sum,
829 1544 877 1569 eo
899 1529 1021 1580 magis
1042 1531 1184 1568 studeo
1204 1529 1333 1578 uitae;

305 1613 406 1650 quae
433 1598 437 1650 Ι
463 1600 568 1637 hunc
590 1611 684 1636 ausa
705 1610 803 1644 sum,
827 1596 1061 1634 tantundem
1083 1596 1219 1633 dolum
1243 1594 1459 1646 adgrediar.

304 1665 399 1704 lucri
422 1678 559 1703 caussa
579 1677 696 1702 auara
716 1663 905 1713 probrum
928 1674 1014 1699 sum
1036 1668 1229 1709 exsecuta,

304 1730 454 1770 alienos
475 1730 631 1768 dolores
654 1728 749 1766 mihi
772 1726 990 1778 supposiui.

239 1845 302 1875 437
329 1835 424 1875 pueri
450 1845 548 1874 quem
574 1835 629 1866 hic
655 1835 780 1866 redidit
805 1833 871 1865 cod.
1008 1842 1073 1873 439
1097 1842 1127 1863 ο.
1152 1831 1235 1863 mihi
1259 1831 1324 1862 iam
1349 1841 1425 1862 sese
1443 1831 1534 1863 cod:

194 1880 385 1912 ostendisse
401 1880 505 1910 sciam
524 1879 604 1909 mihi
621 1879 710 1910 codd.
731 1878 834 1909 Nonii
852 1888 933 1917 139:
957 1887 1034 1909 corr.
1054 1875 1244 1907 Lambinus
1377 1885 1441 1914 440
1463 1875 1533 1906 scio

196 1925 240 1955 mi
259 1923 430 1954 Buecheler
505 1924 583 1954 dum
602 1924 713 1954 uiuam
731 1922 819 1953 codd.
839 1922 962 1952 Nonii:
989 1932 1030 1951 ne
1048 1921 1139 1951 uiuat
1157 1919 1223 1951 cod.
1245 1931 1251 1950 :
1276 1929 1312 1950 se
1326 1918 1403 1949 uiua
1419 1918 1532 1950 Came-

196 1968 304 1998 rarius
466 1977 524 2007 441
563 1967 608 1997 illi
645 1972 680 1997 ut
711 1966 945 1997 Camerarius:
985 1965 1067 1995 illud
1099 1964 1165 1995 cod.
1324 1972 1389 2001 443
1431 1962 1531 1994 immo

197 2012 358 2042 Mueller:
383 2012 503 2042 iammo
525 2011 590 2042 cod.
617 2012 697 2051 (iam
724 2011 823 2041 modo
848 2009 939 2049 PCD)
954 2023 955 2031 κ
970 2009 1010 2040 iv.
1030 2019 1050 2047 3
1068 2020 1075 2048 ;
1099 2008 1205 2049 Apro
1231 2006 1300 2046 M):
1327 2007 1390 2037 iam
1411 2017 1473 2046 ego
1487 2007 1529 2047 (3)

195 2054 263 2085 Leo
373 2067 436 2094 444
462 2055 587 2086 deferri
610 2053 828 2086 Studmmmd
937 2062 998 2091 445
1024 2053 1080 2083 vix
1109 2053 1269 2092 opsonari
1296 2061 1327 2091 p.
1420 2049 1531 2092 (una)

197 2100 227 2130 d.
254 2098 362 2139 Bergk
387 2100 438 2139 (cf.
466 2099 512 2130 ad
534 2100 614 2138 4893
708 2099 881 2128 dumtaxat
913 2096 979 2137 [at]
1009 2096 1074 2127 cod.
1103 2097 1160 2135 (iv.
1195 2099 1236 2129 Γ,
1263 2094 1351 2125 unde
1373 2093 1530 2124 Camera-

197 2144 267 2174 rius
282 2144 312 2174 d.
333 2145 374 2174 ad
394 2144 516 2174 minam
651 2153 712 2181 447
737 2151 835 2181 quam
854 2141 933 2170 mihi
951 2141 1006 2179 qui
1024 2140 1175 2171 mihimet
1193 2150 1222 2169 o.
1242 2138 1425 2172 Fleckeisen.
1447 2148 1528 2168 uam

198 2188 309 2217 omnia
326 2190 382 2226 qui
401 2187 540 2227 displicet
605 2186 690 2216 facio
710 2185 923 2216 Cameran'us
941 2196 947 2214 :
974 2184 1060 2214 facto
1077 2183 1141 2215 cod.
1268 2193 1343 2222 449,
1362 2191 1426 2221 450
1449 2187 1529 2212 sunt

197 2231 269 2262 Ital.
289 2243 295 2260 :
319 2232 395 2261 suni
421 2230 486 2261 cod.
580 2240 695 2260 sumus
720 2230 972 2267 cruciamurque
997 2227 1062 2257 Lro
1196 2237 1259 2265 452
1283 2226 1333 2257 vel
1355 2225 1442 2256 male
1459 2225 1526 2256 cod.

197 2284 260 2313 453
285 2275 392 2314 prime
409 2274 544 2314 Seyffert
685 2274 726 2304 de
750 2283 803 2303 me
828 2272 927 2301 modo
944 2272 1031 2302 dicta
1055 2271 1158 2301 dicito
1176 2270 1240 2301 cod.
1263 2282 1269 2301 :
1293 2280 1371 2300 corr.
1392 2268 1524 2301 Gor-Iler.

197 2318 394 2356 Palnoem‘ns,
420 2317 561 2358 Spengel
700 2317 764 2356 458
798 2317 884 2346 hunc
914 2314 1009 2345 ltal.:
1045 2315 1110 2345 huc
1141 2314 1232 2344 cod.:
1273 2324 1362 2344 nunc
1394 2312 1531 2342 Muellrr

196 2366 325 2393 tantum
343 2363 427 2393 clam
446 2362 558 2392 dolum
577 2361 748 2400 adgrediri
769 2360 979 2391 Canuv'art'us
1120 2368 1184 2398 459
1206 2367 1309 2388 auare
1325 2356 1461 2396 Soffcn

1561 432 1634 466 440

1561 760 1627 795 445

1556 1154 1692 1191 449·50

1558 1408 1672 1445 454-5

1552 1727 1622 1770 460

1733 2581 1741 2610 ,μμ
1722 2345 1743 2565 αιήζ-,τμ«.,
1739 2302 1743 2318 .,
