1747 2740
29 662 95 698 475

27 984 98 1027 480

0 1245 93 1289 ι84-5

26 1647 96 1681 490

639 150 932 192 POENVLVS
1410 149 1451 192 H

174 261 265 314 quei
286 264 388 302 hanc
409 261 505 301 mihi
526 262 701 308 donauit,
725 276 843 312 quern
866 276 939 312 ego
959 261 1099 301 uocaui
1121 263 1172 301 ad
1194 262 1402 312 prandium
1420 265 1437 301 ?

174 329 245 367 sed
264 341 402 366 eccuni
424 327 581 366 incedit.
641 329 774 365 ΑΝΤΑ.
808 326 861 365 ita
881 334 923 365 ut
943 326 1081 377 occepi
1103 326 1244 373 dicere,

173 394 326 439 lenulle,
350 392 400 431 de
420 391 508 430 illac
533 405 665 442 pugna
686 391 972 439 Pentetronica,
1475 404 1513 437 25

172 472 294 508 quom
316 457 514 508 sexaginta
536 457 643 495 milia
664 457 870 496 hominum
892 471 973 496 uno
993 456 1058 496 die

172 523 430 562 uolaticorum
453 522 636 561 manibus
657 522 787 561 occidi
808 522 916 562 meis.

173 590 242 626 Lv.
275 587 831 627 uolaticorum—hominum?
887 590 1019 626 ANTA.
1053 589 1105 626 ita
1125 587 1241 627 deico
1262 588 1438 638 quidem.

172 655 242 692 Lv.
274 667 336 701 an,
359 667 536 704 opsecro,
559 667 726 704 usquam
748 661 839 692 sunt
860 654 1042 692 homines
1063 653 1252 692 uolatici?

170 721 302 757 ANTA.
335 720 453 758 fuere.
512 733 651 757 uerum
673 732 746 769 ego
766 718 953 757 interfeci.
1014 720 1083 756 Lv.
1117 732 1197 768 quo
1219 719 1340 757 modo
1469 738 1513 770 30

169 783 361 833 potuisti?
416 786 549 821 ANTA.
583 783 724 822 dicam.
784 783 937 822 niseum
958 782 1103 834 legioni
1124 782 1217 822 dedi

170 850 391 898 fundasque
410 863 420 897 ;
448 862 496 888 eo
517 849 839 899 praesternebant
860 848 953 887 folia
972 848 1109 887 farferi.

171 915 240 952 Lv.
264 913 358 964 quoi
380 913 463 953 rei?
502 916 634 952 ANTA.
651 918 726 953 †ne
739 914 790 952 ad
804 914 946 952 fundas
960 913 1091 952 uiscus
1111 914 1448 955 adhaeresceret’r.

170 979 240 1016 Lv.
273 992 399 1029 perge.
460 988 623 1029 optume
643 979 774 1017 hercle
795 978 969 1028 peiieras.
1029 977 1126 1028 quid
1146 979 1313 1028 postea?

168 1046 301 1083 ANTA.
334 1044 374 1082 in
395 1046 536 1083 fundas
558 1044 655 1083 uisci
676 1044 868 1083 indebant
887 1043 1137 1094 grandiculos
1157 1044 1309 1094 globos,
1468 1061 1512 1094 35

166 1124 215 1149 eo
235 1110 321 1149 illos
342 1109 511 1149 uolantis
533 1109 626 1148 iussi
647 1109 887 1148 funditarien

167 1175 263 1226 quid
285 1177 408 1214 multa
428 1176 578 1214 uerba?
607 1188 850 1225 quemquern
871 1174 981 1213 uisco
1003 1175 1259 1222 offenderant,

168 1248 249 1279 tarn
270 1240 394 1279 crebri
414 1242 466 1279 ad
487 1248 627 1279 terram
648 1240 902 1279 reccidebant
922 1254 1041 1290 quam
1062 1240 1156 1290 pira.

169 1312 211 1343 ut
231 1305 399 1355 quisque
420 1304 629 1352 acciderat,
653 1319 744 1343 eum
766 1306 960 1344 necabam
987 1304 991 1356 Ι
1019 1304 1111 1343 ilico

167 1384 236 1422 per
255 1371 459 1410 cerebrum
481 1371 604 1420 pinna
623 1384 693 1409 sua
714 1370 787 1409 sibi
809 1370 921 1421 quasi
942 1378 1142 1409 turturem.
1467 1389 1511 1421 40

168 1438 237 1475 Lv.
275 1436 306 1475 si
338 1437 468 1475 hercle
501 1436 601 1475 istuc
633 1450 823 1486 umquam
857 1438 1005 1475 factum
1035 1444 1105 1484 est,
1139 1444 1221 1475 tum
1259 1451 1323 1476 me
1359 1438 1449 1488 Iup-

1348 1503 1448 1553 piter

167 1567 282 1606 faciat
303 1575 345 1605 ut
366 1581 520 1618 semper
541 1568 769 1605 sacruficem
791 1581 866 1605 nec
886 1566 1075 1617 umquam
1097 1566 1217 1606 litem.

167 1635 300 1671 ANTA.
331 1647 382 1671 an
415 1633 468 1671 mi
498 1634 596 1672 haec
630 1647 711 1671 non
746 1632 903 1672 credis?
962 1634 1031 1671 LY.
1063 1634 1194 1680 credo,
1229 1641 1270 1672 ut
1303 1632 1355 1671 mi
1387 1647 1448 1672 ae-

1103 1706 1263 1748 quomst
1284 1699 1443 1739 credier.

164 1778 235 1814 age
256 1778 392 1803 eamus
413 1763 525 1803 intro.
586 1766 722 1802 ANTA.
751 1765 847 1803 dum
870 1771 958 1802 exta
978 1764 1205 1811 reseruntur,
1230 1766 1323 1803 uolo

164 1843 318 1868 narrare
339 1828 409 1867 tibi
431 1829 549 1867 etiam
570 1843 691 1867 unam
712 1842 899 1879 pugnam.
959 1830 1028 1866 ΙΝ.
1062 1828 1115 1866 nil
1138 1842 1278 1868 moror.
1462 1849 1503 1882 45

165 1896 296 1932 ANTA.
321 1895 509 1933 ausculta.
563 1896 632 1932 Lv.
656 1908 737 1933 non
759 1895 889 1932 hercle
909 1894 1152 1933 auscultabo.
1205 1897 1341 1933 ANTA.
1362 1909 1444 1945 quo

1291 1962 1413 2000 modo
1428 1963 1445 2000 ?

155 2076 215 2105 471
236 2065 361 2097 lenullc
378 2065 571 2096 Pn‘scianus
587 2068 726 2096 testatur
744 2075 771 2101 Ι,
790 2074 850 2103 109
866 2076 872 2094 :
891 2063 1016 2094 lenullo
1030 2063 1084 2094 A:
1102 2064 1225 2094 lcuuilc
1244 2064 1390 2095 I’ulvt'd.
1407 2064 1438 2104 (1

107 2114 169 2150 pro
187 2110 227 2147 L)
370 2120 432 2148 474
458 2109 699 2140 cuolaticorum
716 2109 748 2139 P
766 2112 855 2149 {cum
873 2108 905 2138 A
927 2112 1001 2138 autc
1016 2113 1109 2139 coma?
1133 2108 1175 2147 gli
1193 2113 1262 2138 crat
1284 2114 1442 2147 personae

113 2157 228 2184 notas:
255 2153 523 2184 uolaticorumne
544 2153 679 2183 Gm'etns
805 2161 868 2190 475
893 2152 1006 2186 uiatici
1024 2151 1057 2182 P
1157 2162 1221 2190 479
1245 2152 1286 2182 ad
1305 2153 1326 2182 s.
1345 2162 1375 2182 u.
1397 2163 1440 2182 ne

112 2197 216 2227 Bothe
314 2197 395 2237 fort.
423 2198 716 2228 ambhaercsccret
763 2207 794 2231 v,
819 2206 850 2235 p.
877 2197 934 2226 81'l
1082 2196 1141 2233 481
1170 2196 1252 2226 uisci
1280 2195 1441 2226 indebant

115 2240 292 2271 Gruterus:
328 2241 572 2281 uisclindcbzxnt
603 2241 660 2270 A:
700 2240 750 2270 uis
783 2239 967 2270 uindebant
993 2238 1026 2268 P
1164 2239 1375 2278 glandiculos
1405 2240 1438 2269 A

111 2285 176 2323 482
200 2295 241 2314 eo
267 2284 497 2315 Camcram'us:
525 2295 583 2324 cos
606 2284 664 2314 A:
697 2294 760 2322 ego
785 2283 818 2313 Ρ
956 2284 1020 2322 485
1045 2283 1241 2313 accidebant
1268 2283 1319 2313 P:
1352 2284 1440 2314 aeci-

111 2328 162 2358 vel
176 2328 255 2358 reci·
275 2329 307 2358 Α
456 2329 520 2366 489
544 2328 593 2358 vel
608 2337 827 2366 nccumquam
960 2337 1025 2365 490
1049 2331 1100 2356 est
1117 2337 1234 2357 aecum
1252 2326 1285 2356 P
1368 2337 1441 2357 cre-

112 2372 192 2401 dere
208 2372 240 2402 A
376 2382 434 2411 49¹
465 2371 653 2401 referantur
668 2371 700 2400 A
837 2378 901 2408 493
925 2369 1121 2400 auscultabo
1140 2381 1243 2410 usque
1258 2369 1306 2400 ad
1315 2371 1356 2411 (v.
1375 2373 1440 2411 sq.)

111 2415 224 2446 hercle
242 2426 307 2447 om.
332 2416 364 2446 P
385 2419 528 2456 (propter
553 2414 840 2453 homoeoteleuton)

153 2495 272 2518 PLAVT.
295 2497 319 2516 ιι
1356 2485 1395 2515 14
