1747 2740
595 106 1013 146 TRVCVLENTVS
1424 106 1478 142 II.
1503 105 1564 141 vii

135 218 463 270 quandoquidem
486 217 592 268 ipsus
614 216 811 267 perditum
834 229 876 255 se
903 215 942 263 it,
966 222 1119 255 secreto
1140 217 1271 254 hercle
1292 215 1479 266 equidem
1504 231 1540 253 10

1178 296 1270 321 eum
1291 281 1481 320 adiutabo

51 357 120 401 560
137 366 267 402 neque
288 365 377 390 mea
397 351 559 401 quidem
581 364 701 400 opera
721 362 912 399 umquam
934 348 1016 387 hilo
1037 348 1159 386 minu’
1176 361 1340 398 propere
1361 361 1481 397 quam

1131 422 1223 463 pote
1234 411 1304 466 [st]
1326 413 1479 463 peribit.

136 497 229 521 nam
250 482 327 521 iam
349 483 399 520 de
420 483 497 520 hoc
518 481 688 532 opsonio
709 482 760 520 de
782 480 889 519 mina
910 479 1088 519 deminui
1110 493 1189 517 una
1210 481 1332 517 modo

136 548 314 599 quinque
334 561 520 586 nummos
540 563 547 585 :
578 547 676 585 mibi
697 546 846 586 detraxi
866 545 1384 597 partem—Herculaneam.

136 628 229 653 nam
261 615 339 652 hoe
373 612 555 652 adsimile
586 620 646 651 est
680 612 793 662 quasi
822 613 873 650 de
903 611 1027 649 fluuio
1056 611 1125 661 qui
1153 623 1299 660 aquarn
1330 609 1482 648 deriuat

1383 673 1456 711 sibi
1474 689 1481 711 z

136 742 211 781 nisi
231 741 443 789 deriuetur‚
463 748 598 779 tamen
618 754 665 779 ea
683 753 787 791 aqua
807 739 937 778 omnis
957 739 1074 778 abeat
1094 738 1134 776 in
1157 752 1263 777 mare
1278 754 1289 786 ,-
1503 753 1542 786 15

50 812 115 858 565
136 822 229 847 nam
245 808 379 847 hocin
395 821 502 846 mare
518 807 600 845 abit
621 806 843 856 misereque
863 805 963 856 perit
983 805 1068 844 sine
1089 805 1196 844 bona
1216 805 1326 843 omni
1346 805 1481 855 gratia.

570 873 668 910 haec
689 885 811 921 quom
833 870 954 909 uideo

29 944 119 991 5662
407 938 500 985 fieri,
524 939 702 984 suffuror,
725 936 892 987 suppilo,

460 1005 512 1043 de
532 1004 679 1054 praeda
698 1004 885 1053 praedam
907 1002 1032 1053 capio.

407 1069 652 1109 meretricem
674 1082 747 1119 ego
768 1068 863 1107 item
884 1082 970 1107 esse
991 1082 1088 1115 reor,
1113 1082 1219 1107 mare
1240 1076 1282 1107 ut
1303 1076 1362 1107 est
1381 1084 1388 1107 :
1501 1082 1543 1105 20

299 1138 408 1188 quod
429 1138 499 1176 des
520 1137 685 1175 deuorat
704 1133 796 1186 <nec
817 1133 935 1186 dat>is
956 1148 1147 1185 umquam
1168 1135 1359 1174 abundat.

51 1219 119 1256 570
300 1204 377 1241 hoe
398 1203 537 1240 saltem
556 1216 562 1239 :
593 1207 722 1239 seruat
743 1213 817 1238 nee
838 1199 936 1237 nulli
957 1199 1023 1238 ubi
1047 1200 1095 1237 sit
1116 1208 1279 1249 apparet
1298 1216 1304 1238 :

136 1270 207 1308 des
232 1267 499 1320 quantumuis,
523 1279 721 1317 nusquam
751 1272 914 1316 apparet
944 1278 1075 1315 neque
1105 1265 1231 1303 datori
1263 1279 1393 1316 neque
1423 1279 1484 1304 ac-

1309 1331 1480 1381 ceptrici.

7 1414 117 1452 572-3
192 1401 301 1438 uelut
329 1400 427 1437 haec
456 1396 638 1436 meretrix
663 1410 797 1436 meum
830 1409 940 1435 erum
973 1395 1162 1435 miserum
1190 1410 1261 1434 sua
1291 1396 1485 1435 blanditia

1012 1462 1143 1500 intulit
1164 1462 1204 1500 in
1225 1462 1452 1512 pauperiem
1475 1478 1481 1501 :

300 1529 471 1581 priuabit
491 1529 620 1576 bonis,
641 1530 740 1575 luce,
764 1529 916 1567 honore
935 1536 1055 1578 atque
1076 1528 1225 1567 amicis.
1503 1543 1540 1574 ²5

52 1607 117 1645 575
137 1604 235 1635 attat
251 1599 257 1635 !
288 1609 423 1634 eccam
440 1596 552 1634 adest
568 1594 801 1645 propinque.
843 1595 964 1633 credo
983 1593 1142 1633 audisse
1163 1596 1261 1633 haec
1278 1609 1342 1633 me
1358 1595 1478 1645 loqui.

137 1662 284 1713 pallida
304 1669 373 1709 est,
396 1669 438 1700 ut
458 1661 609 1712 peperit
630 1674 807 1712 puerum.
868 1661 1061 1711 adloquar
1081 1660 1192 1710 quasi
1214 1661 1399 1699 nesciam.

138 1728 257 1767 iubeo
277 1741 349 1767 uos
371 1729 531 1766 saluere.
580 1729 653 1765 ΡΗ.
679 1726 716 1765 e't
733 1739 805 1765 nos
823 1734 872 1774 te,
890 1727 1002 1773 Geta,
1028 1726 1124 1776 quid
1142 1726 1253 1776 agis?
1282 1734 1324 1764 ut
1345 1728 1483 1765 uales?

182 1843 246 1873 559
269 1843 306 1863 se
323 1833 348 1864 it
368 1831 600 1863 Camerarius:
627 1832 671 1863 sit
686 1831 752 1864 cod.
771 1832 806 1871 (i.
825 1842 856 1871 3,
877 1842 907 1872 p.
926 1832 1004 1871 108)
1097 1842 1174 1862 eum
1193 1831 1281 1862 Leo:
1305 1830 1396 1861 illum
1413 1830 1480 1861 cod.

137 1879 203 1917 560
227 1877 296 1907 hilo
317 1877 428 1907 minus
452 1875 663 1907 Lambinus:
688 1876 785 1907 nihili
810 1877 970 1907 omnibus
995 1875 1087 1907 cod.:
1120 1876 1217 1905 nihili
1245 1876 1346 1905 homo
1374 1875 1483 1905 minus

136 1920 265 1952 Sclzoell
394 1921 455 1960 561
483 1931 550 1951 una
562 1921 711 1951 deminui
728 1920 793 1952 cod.
810 1932 817 1951 τ
842 1921 914 1952 irai.
930 1921 997 1951 Leo
1145 1921 1209 1958 562
1225 1919 1308 1959 jbrt.
1324 1918 1484 1961 (hercle)

140 1965 281 1996 Hercul.
415 1966 479 2004 564
508 1975 549 1995 ea
569 1975 654 2004 aqua
684 1964 918 1996 Camerarius:
952 1975 993 1995 ea
1021 1975 1086 2003 qua
1113 1964 1178 1994 cod.
1271 1962 1381 1993 omnis
1407 1968 1486 2003 post

138 2015 251 2041 tamen
268 2008 334 2040 cod.
351 2020 357 2040 :
385 2010 455 2040 irai.
477 2008 517 2050 (ἶῖ
536 2007 603 2039 Leo
691 2009 772 2039 mari
803 2009 869 2040 cod.
1013 2010 1076 2048 565
1102 2009 1181 2039 abiit
1198 2008 1263 2038 cod.
1369 2007 1481 2038 omnia

139 2054 282 2093 gratiam
299 2052 365 2085 cod.
498 2053 579 2092 566a
603 2053 677 2083 fieri
695 2053 843 2083 suffuror
859 2053 993 2093 suppilo
1007 2052 1094 2084 codd.
1109 2052 1216 2082 Nonii
1238 2063 1276 2083 12
1295 2057 1334 2083 (s,
1354 2062 1383 2081 v.
1404 2051 1479 2081 sub-

138 2097 259 2138 pilare)
278 2109 284 2128 :
322 2095 383 2138 [si]
409 2097 483 2127 fieri
506 2096 660 2127 sussuror
678 2097 844 2137 supplicio
863 2098 937 2138 (pro
955 2097 1105 2137 supplio)
1124 2096 1189 2128 cod.
1214 2097 1267 2135 (iv.
1288 2097 1324 2134 3)
1415 2096 1478 2134 567

138 2143 266 2181 praeda
280 2140 365 2173 codd.
382 2140 486 2170 Nonii
501 2154 507 2171 z
530 2151 595 2172 om.
613 2140 678 2172 cod.
801 2141 865 2180 568
882 2151 959 2171 esse
976 2152 1040 2172 om.
1063 2141 1094 2170 Β
1226 2142 1290 2180 569
1309 2139 1479 2169 deuoratis

137 2185 204 2216 cod.
226 2186 286 2225 (iii.
310 2186 359 2215 11*
379 2196 385 2215 :
410 2195 488 2216 corr.
509 2184 684 2215 Buecheler
785 2195 850 2224 570
867 2196 979 2216 versus
995 2185 1149 2215 nondum
1163 2190 1306 2216 sanatus
1363 2182 1479 2225 (rem)

138 2240 186 2260 se.
206 2230 272 2260 Leo
360 2239 424 2259 nec
442 2229 499 2259 ulli
515 2229 612 2270 (nulli
629 2228 757 2269 scrszsz')
777 2229 833 2259 ubi
850 2230 893 2259 sit
909 2228 976 2259 Leo
992 2241 998 2259 :
1024 2240 1152 2260 mecum
1175 2230 1222 2260 illi
1241 2230 1302 2260 sub
1320 2234 1394 2259 este
1411 2227 1474 2258 cod.

139 2282 199 2312 571
219 2274 276 2304 vix
288 2277 388 2313 (τηειρ.
404 2283 516 2303 versus
527 2283 603 2303 cum
618 2273 726 2304 datori
807 2273 996 2313 acceptrice
1008 2273 1073 2304 cod.
1091 2273 1166 2314 (pro
1178 2273 1243 2304 -cei
1253 2275 1278 2307 23
1370 2281 1478 2312 572-3

139 2318 223 2348 haec
248 2327 314 2347 om.
332 2316 406 2346 PCD
538 2316 595 2346 vix
617 2316 674 2348 int.
696 2326 796 2357 paup.
819 2317 933 2357 (αντιφ.
953 2317 1100 2356 tetram.)
1283 2328 1345 2356 574
1371 2317 1478 2347 bones

141 2361 267 2398 (bonas
289 2360 377 2391 PCDW
402 2359 466 2390 cod.
488 2361 560 2400 (pro
577 2360 640 2390 -eis
654 2361 679 2401 ἓ)
814 2369 876 2400 577
902 2365 935 2391 et
960 2371 1024 2391 nos
1045 2366 1078 2392 te
1095 2360 1253 2401 Seyffert:
1279 2366 1396 2392 noster
1411 2360 1476 2392 cod.

140 2404 244 2447 Geta]
263 2405 393 2445 Cyame
410 2403 548 2445 Seyffert
