1747 2740
696 127 936 167 STICHVS
1410 128 1478 165 IV.
1502 128 1528 164 ii

145 243 264 288 atque
285 238 335 277 ad
357 237 465 276 illurn
489 235 732 276 renuntiari?
791 238 893 275 ΡΑΜ.
927 237 1034 275 solus
1055 236 1209 275 cenabo
1233 236 1374 276 domi?

57 305 127 341 600
145 303 220 342 GE.
267 317 348 342 non
387 301 493 341 enim
534 303 640 341 solus
660 317 667 341 :
712 315 776 340 me
809 309 964 340 uocato.
1026 303 1130 340 PAM.
1171 310 1211 340 at
1242 301 1305 340 ille
1339 315 1389 341 ne
1421 315 1465 341 su

1287 376 1478 415 scenseat,

142 447 231 472 mea
251 433 318 484 qui
338 446 477 472 caussa
497 441 700 484 sumptum
722 432 823 471 fecit.
884 433 958 471 GE.
992 432 1105 471 facile
1126 432 1300 471 excusari
1322 441 1462 483 potest.

141 499 237 538 mihi
259 500 381 538 modo
401 500 590 546 ausculta,
615 498 708 537 iube
735 499 875 537 cenam
897 497 1007 536 domi
1028 498 1157 548 coqui.
1220 500 1289 537 ΕΡ.
1312 511 1393 536 non
1416 512 1479 537 me

1316 563 1478 614 quidem

140 630 256 670 faciet
285 638 446 670 auctore
474 630 596 669 hodie
625 637 667 669 ut
696 630 807 668 illum
837 629 1020 679 decipiat.
1094 630 1169 668 GE.
1202 642 1283 668 non
1314 638 1355 668 tu
1386 629 1479 667 hinc
1502 639 1539 672 25

1366 695 1451 733 abis
1464 696 1481 733 ?

141 760 215 799 nisi
237 774 301 800 me
321 773 403 799 non
423 760 646 811 perspicere
665 773 804 799 censes
825 760 922 810 quid
941 773 1044 810 agas
1104 773 1202 799 caue
1224 760 1274 799 sis
1296 769 1337 799 tu
1359 760 1442 808 tibi,

53 833 119 878 605
141 840 233 865 nam
269 826 347 865 illic
381 827 505 865 homo
538 834 647 864 tuam
679 825 938 865 hereditatem
979 825 1103 864 inhiat
1138 826 1250 876 quasi
1284 826 1480 865 essuriens

1351 894 1478 942 lupus.

139 971 220 996 non
241 965 283 996 tu
305 957 380 996 scis
401 957 824 1008 quam—ecflictentur
844 956 1027 996 homines
1050 965 1171 996 noctu
1192 957 1257 996 hic
1278 957 1318 995 in
1340 957 1436 996 uia?

140 1025 245 1061 PAM.
278 1031 389 1062 tanto
409 1023 531 1073 pluris
553 1022 620 1074 qui
641 1024 860 1062 defendant
882 1023 936 1062 ire
957 1024 1172 1062 aduorsum
1194 1023 1354 1062 iussero.

140 1090 210 1127 ΕΡ.
243 1102 324 1127 non
345 1088 384 1135 it,
409 1102 490 1127 non
511 1088 549 1135 it,
573 1088 666 1139 quia
686 1096 797 1127 tanto
818 1101 937 1139 opere
958 1090 1101 1128 suades
1121 1102 1172 1127 ne
1193 1089 1326 1127 ebitat.
1365 1088 1480 1141 (GE.)
1499 1103 1542 1135 30

1387 1155 1479 1194 iube

139 1219 250 1258 dorni
270 1218 367 1257 mihi
388 1219 540 1269 tibique
561 1227 732 1270 tuaeque
753 1219 862 1258 uxori
884 1218 1061 1258 celeriter
1081 1232 1221 1258 cenam
1244 1219 1374 1270 coqui.

51 1288 121 1323 610
140 1274 324 1322 si'hercle
344 1283 451 1330 faxis,
476 1298 557 1322 non
583 1284 725 1335 opinor
745 1284 854 1323 dices
875 1286 1091 1335 deceptum
1113 1286 1205 1323 fore.

139 1352 244 1388 ΡΑΜ.
277 1363 345 1400 per
372 1351 475 1389 hanc
501 1349 573 1389 tibi
601 1346 741 1389 ceriam
772 1350 966 1397 incenato,
1001 1350 1212 1399 Gelasime,
1243 1364 1329 1390 esse
1359 1351 1480 1390 hodie

1376 1417 1477 1456 licet.

139 1481 212 1519 GE.
246 1480 374 1519 ibisne
402 1481 455 1519 ad
484 1493 625 1520 cenam
655 1482 791 1520 foras?
848 1483 953 1520 PAM.
985 1482 1094 1532 apud
1123 1483 1280 1521 fratrem
1311 1495 1411 1521 ceno
1441 1483 1481 1521 in

1302 1561 1477 1587 roxumo.

140 1612 213 1649 GE.
237 1613 508 1650 certumnest?
553 1614 657 1651 PAM.
682 1619 845 1651 certum.
891 1613 966 1651 GE.
985 1614 1129 1663 edepol
1150 1621 1188 1651 te
1209 1561 1329 1652 hodie
1345 1614 1477 1665 lapide
1499 1626 1539 1660 35

1090 1692 1320 1730 percussum
1341 1680 1473 1719 uelim.

138 1744 245 1781 ΡΑΜ.
276 1756 358 1782 non
391 1751 550 1783 metuo:
591 1757 659 1795 per
691 1745 848 1783 hortum
890 1744 1076 1791 transibo,
1115 1758 1196 1784 non
1231 1746 1402 1796 prodibo
1436 1746 1476 1785 in

1258 1811 1474 1862 puplicum.

50 1881 116 1926 615
139 1876 211 1913 ΕΡ.
241 1874 339 1925 quid
370 1875 438 1922 ais,
469 1875 698 1914 Gelasime?
755 1877 828 1914 GE.
862 1884 1035 1914 oratores
1067 1884 1109 1914 tu
1139 1876 1295 1927 accipis,
1329 1878 1476 1916 habeas

1390 1944 1472 1982 tibi.

138 2007 208 2044 ΕΡ.
241 2013 307 2045 tua
334 2007 401 2056 pol
431 2008 556 2045 refert.
615 2008 690 2046 GE.
723 2007 841 2055 enim,
865 2007 1062 2058 siquidem
1091 2008 1178 2046 mea
1205 2009 1330 2056 refert,
1355 2022 1475 2060 opera

1352 2082 1471 2114 utere.

180 2186 244 2215 599
268 2176 387 2206 cenaui
405 2176 438 2206 A
588 2178 652 2207 602
678 2177 766 2208 domi
787 2187 904 2208 cenam
925 2177 958 2207 A
1053 2188 1122 2208 nun
1143 2178 1237 2218 {num
1263 2177 1305 2215 Β)
1329 2178 1362 2209 Ρ
1376 2179 1469 2217 (corr.

137 2219 186 2259 D)
319 2221 382 2259 604
406 2230 488 2259 ages
507 2220 604 2261 (-is3)
619 2221 651 2251 A
773 2223 838 2260 605
864 2220 971 2262 tuam]
991 2226 1061 2252 tum
1078 2221 1112 2252 P
1218 2223 1284 2252 606
1307 2229 1469 2261 quantum

138 2263 361 2302 Kampmann
450 2266 512 2303 607
531 2264 658 2304 plureis
674 2265 707 2294 A
797 2266 862 2296 608
882 2276 924 2295 ne
942 2265 1066 2304 nebitat
1083 2266 1116 2296 A
1208 2267 1274 2305 609
1299 2266 1356 2297 tibi
1376 2272 1468 2297 tuae-

138 2317 203 2346 que
225 2306 260 2337 P
389 2309 455 2339 610
478 2308 528 2338 vel
539 2309 644 2348 opino
792 2310 856 2348 614
883 2319 944 2349 per
962 2309 1096 2340 hortum
1113 2315 1297 2350 suspeclum
1315 2321 1320 2339 :
1347 2320 1391 2340 an
1410 2321 1470 2349 per·

138 2349 285 2383 delmd.3
376 2352 460 2393 non]
480 2352 568 2382 haud
594 2352 732 2382 Mueller
816 2363 860 2383 an
881 2353 1009 2393 prode?
1162 2355 1226 2393 615
1259 2354 1332 2393 agis
1357 2353 1469 2385 APCD

139 2394 318 2442 ac2ci)pjas
335 2396 367 2426 A
502 2397 567 2427 616
591 2396 698 2438 enim]
717 2397 808 2427 enim
827 2406 907 2426 uero
923 2397 955 2426 A
978 2397 1024 2437 (v.
1046 2397 1078 2437 ι)
