1747 2740
137 131 250 169 111.i
658 131 705 168 T.
739 130 921 169 MACCI
953 129 1158 168 PLAVTI

234 242 389 281 danista
409 243 521 280 adest
543 241 610 292 qui
631 241 743 282 dedit
793 257 811 276 a<
872 256 890 277 ⁴<
950 255 968 275 *
1029 256 1046 276 *

231 308 298 359 qui
318 308 446 347 amica
466 316 524 346 est
546 315 679 358 empta
701 322 862 358 quoque
923 323 940 343 ss
1001 322 1018 341 *
1080 321 1098 341 *
1158 320 1177 342 *
1236 319 1257 342 ³¹:

230 375 451 412 manufesta
472 387 530 411 res
551 380 620 419 est,
646 372 720 410 nisi
743 373 840 423 quid
862 387 1025 411 occurro
1047 372 1164 422 prius,

231 452 280 477 ne
307 438 310 487 Ι
337 440 414 477 hoc
435 452 555 476 senex
576 438 772 476 resciscat.
834 437 900 475 ibo
922 437 1012 476 huic
1034 437 1206 476 obuiam.
1591 448 1660 485 540

174 521 212 543 10
232 505 301 542 sed
323 503 513 553 quidnam
536 503 600 541 hic
622 516 707 541 sese
731 510 810 540 tam
833 502 912 540 cito
933 502 1070 553 recipit
1090 504 1255 541 domum
1269 503 1288 541 Ρ

232 577 367 607 metuo
388 582 437 607 ne
458 570 509 607 de
530 569 604 606 hac
626 581 666 606 re
689 567 893 617 quippiam
916 567 1195 606 indaudiuerit.

229 635 418 672 accedam
439 642 558 683 atque
579 633 804 683 appellabo.
867 633 914 679 ei,
938 646 1057 683 quam
1079 633 1201 671 timeo
1222 632 1362 672 miser!

229 699 325 738 nihil
347 707 405 738 est
426 698 604 737 miserius
628 712 747 749 quam
771 698 927 737 animus
949 698 1121 736 hominis
1142 698 1337 746 conscius,

230 765 330 803 sicut
352 778 415 803 me
438 766 619 804 ‘thabett
680 778 818 803 uerum
843 772 930 802 utut
951 777 1011 802 res
1033 777 1118 802 sese
1139 764 1270 812 habet,
1591 774 1656 811 545

172 847 210 879 15
231 844 389 881 pergam
412 831 567 869 turbare
588 844 705 881 porro
722 847 728 868 :
762 830 815 868 ita
836 831 934 868 haec
955 844 1015 868 res
1036 831 1221 880 postulat.

232 897 339 934 unde
360 896 420 934 is?
477 897 555 934 ΤΗ.
589 895 762 934 conueni
785 895 895 934 illum
920 897 1028 934 unde
1050 897 1167 934 hasce
1187 894 1297 934 aedis
1318 908 1505 934 emeram.

231 963 309 1000 TR.
339 961 536 1011 numquid
558 961 689 999 dixisti
712 962 762 999 de
785 960 851 999 illo
874 963 984 1011 quod
1005 961 1085 1000 dixi
1106 960 1209 999 tibi?

231 1029 313 1065 TH.
343 1027 422 1066 dixi
444 1029 575 1066 hercle
598 1040 692 1065 uero
720 1026 724 1079 1
750 1027 897 1065 omnia.
957 1029 1034 1065 TR.
1066 1027 1102 1065 ei
1123 1026 1266 1066 misero
1287 1026 1384 1065 mihi
1404 1030 1411 1066 !

233 1100 367 1130 metuo
388 1106 438 1130 ne
459 1092 641 1130 techinae
664 1106 775 1131 meae
797 1099 990 1142 perpetuo
1010 1091 1207 1143 perierint.
1589 1107 1658 1144 550

172 1176 212 1198 20
232 1159 311 1195 ΤΗ.
344 1157 441 1207 quid
462 1166 544 1196 tute
566 1159 728 1196 tecum?
786 1159 864 1196 ΤΚ.
897 1157 995 1195 nihil
1017 1158 1136 1197 enim.
1196 1159 1267 1197 sed
1287 1158 1352 1197 dic
1373 1157 1480 1205 mihi,

232 1222 381 1261 dixtine
402 1225 581 1272 quaeso?
638 1225 718 1261 TH.
751 1222 843 1270 dixi,
867 1222 1042 1273 inquam,
1067 1223 1206 1262 ordine
1227 1223 1372 1262 omnia.

230 1289 310 1326 TR.
341 1288 459 1326 etiam
480 1290 622 1327 fatetur
643 1290 694 1327 de
715 1288 901 1339 hospite?
960 1291 1039 1326 ΤΗ.
1072 1288 1196 1327 immo
1218 1297 1417 1340 pernegat.

231 1355 307 1392 TR.
340 1362 456 1404 negat
516 1369 535 1391 *
595 1370 614 1391 *
675 1368 693 1388 21<
755 1369 773 1390 *
833 1369 851 1389 21<
913 1369 931 1389 *
991 1368 1127 1404 quom.
1184 1357 1262 1393 TR.
1295 1355 1447 1405 cogita:

233 1434 251 1454 »κ
313 1434 331 1455 ae
393 1435 410 1455 >k
471 1435 489 1455 *
551 1435 568 1455 21<
628 1420 758 1458 dicam
780 1420 811 1458 si
832 1421 1028 1458 confessu'
1049 1420 1108 1458 sit.
1589 1438 1652 1474 555

173 1503 209 1534 25
231 1488 328 1538 quid
376 1502 482 1527 nunc
530 1488 760 1527 faciundum
816 1491 985 1527 censes?
1059 1490 1135 1526 TR.
1186 1502 1288 1538 egon
1336 1488 1433 1538 quid
1481 1501 1569 1526 cen-

1431 1566 1538 1592 seam
1553 1555 1570 1591 ?

230 1632 340 1669 cape,
363 1632 529 1669 opsecro
551 1621 693 1666 hercle,
717 1622 808 1658 cum
831 1632 878 1658 eo
900 1617 981 1671 (tu)
1002 1632 1081 1657 una
1102 1618 1289 1666 iudicem,

230 1684 318 1735 (sed
339 1699 430 1723 eum
451 1685 587 1723 uideto
609 1692 650 1723 ut
672 1685 814 1735 capias,
838 1684 905 1734 qui
927 1685 1061 1722 credat
1082 1684 1196 1735 mihi)

231 1758 310 1788 tarn
332 1749 445 1788 facile
466 1750 602 1788 uinces
624 1764 743 1800 quam
765 1750 893 1800 pirum
916 1751 1055 1800 uolpes
1077 1758 1238 1788 comest.

233 1817 310 1853 DA.
342 1817 412 1854 sed
436 1815 715 1854 Philolachetis
738 1829 894 1854 seruom
918 1815 1056 1853 eccum
1077 1814 1281 1863 Tranium,
1587 1823 1655 1868 560

274 1921 380 1958 537—8
405 1920 560 1950 lacunam
583 1920 616 1949 [ιι
634 1920 687 1950 ΡΑ
718 1921 764 1959 fs
788 1932 834 1951 vv.
857 1922 972 1960 554—5*
1007 1921 1051 1950 sic
1072 1920 1206 1960 explet-it
1229 1920 1450 1959 Camerarius,
1472 1922 1566 1960 (537)

229 1968 408 2002 argentum
423 1963 569 1996 faenore.
586 1964 663 2003 1ζ538
674 1972 677 1993 ἰ
692 1975 777 2003 opus
796 1965 829 1995 in
849 1970 1003 2004 sumptus
1018 1964 1078 1994 suit
1196 1973 1261 2003 539
1285 1965 1365 2003 quid
1382 1964 1565 2004 Angelius:

229 2008 317 2046 quod
334 2007 399 2038 cod.
516 2018 580 2046 540
606 2008 764 2039 rescissat
782 2008 847 2039 cod.
966 2019 1029 2047 542
1055 2008 1259 2038 inaudiuerit
1276 2007 1341 2040 cod.
1446 2017 1510 2047 543
1535 2009 1565 2039 ei

235 2051 435 2081 Taubmcmn
453 2062 459 2081 :
484 2057 517 2082 et
533 2051 598 2082 cod.
702 2062 765 2092 545
783 2063 836 2082 me
853 2051 986 2094 (male)
1004 2052 1104 2083 habet
1125 2051 1298 2092 Nr'emcyer
1381 2061 1437 2082 res
1453 2050 1566 2093 [es]se

230 2106 266 2125 se
284 2095 349 2125 cod.
377 2094 470 2134 (corr.
489 2094 548 2126 325
683 2098 747 2135 548
772 2096 820 2126 vel
836 2096 911 2126 illoc
1018 2096 1087 2126 dixi
1104 2095 1170 2126 8²:
1195 2096 1281 2126 dixit
1297 2095 1363 2127 cod.
1500 2106 1566 2135 549

229 2137 320 2180 (illi)
337 2139 446 2169 omnia
469 2138 608 2170 Prlarles
625 2140 746 2180 (immo
764 2140 809 2170 ei&
901 2140 930 2170 ei
960 2139 1058 2170 Ital.:
1085 2146 1118 2170 et
1147 2139 1213 2170 cod.
1242 2142 1300 2179 <ue
1325 2137 1389 2173 ΒΞ)
1416 2144 1567 2170 secuntur

230 2193 278 2212 vv.
307 2193 380 2221 553,
400 2193 508 2222 557-9
525 2184 594 2213 suis
610 2184 686 2214 locis
703 2183 866 2214 redeuntes
885 2184 934 2224 (cf.
953 2184 1000 2214 ad
1014 2185 1092 2222 4115
1231 2194 1291 2224 551
1320 2188 1391 2214 tute
1407 2182 1503 2215 Ima:
1530 2189 1563 2214 tu

230 2225 294 2256 cod.
316 2228 368 2266 (cf.
388 2232 467 2265 512*v
603 2237 665 2265 552
686 2228 801 2257 Dixtin
822 2228 878 2267 „jt1
895 2227 975 2258 cod.¹
997 2227 1072 2269 (ei)
1091 2228 1161 2268 Fay
1288 2238 1352 2268 554
1378 2232 1475 2258 necat
1491 2226 1565 2257 ΡΟ)

231 2279 338 2308 554-5
363 2270 518 2300 lammam
536 2271 568 2300 in
582 2270 636 2300 ΡΑ
650 2271 702 2311 gest
717 2282 764 2301 vv.
783 2272 906 2310 537*8”›
931 2272 977 2301 sic
989 2271 1123 2312 ent-plevi!
1139 2271 1203 2302 Leo
1222 2276 1297 2312 post
1318 2271 1562 2307 camerarium,

233 2314 327 2352 (5375
355 2320 456 2352 negat
482 2315 672 2344 scelestus?
725 2314 790 2345 Tu.
818 2315 945 2353 negitat
971 2315 1116 2354 inquam.
1146 2316 1241 2355 (538)
1267 2325 1333 2346 non
1359 2315 1564 2346 confitetur?

232 2357 297 2388 Τιι.
326 2358 433 2388 dicam
592 2368 654 2397 557
675 2358 752 2399 (vid.
775 2357 820 2388 ad
834 2359 914 2396 549‘1
933 2358 1047 2388 hercle
1065 2359 1206 2389 obsecro
1224 2369 1299 2390 cum
1320 2358 1430 2400 [m]e0
1441 2363 1518 2401 post
1531 2369 1561 2390 v.

233 2411 297 2440 549
432 2407 466 2431 tu
493 2401 606 2432 addidi
735 2411 800 2441 559
823 2402 931 2431 uineis
949 2401 1024 2433 ΡΠ)
