1747 2740
689 147 927 186 STICHVS
1390 151 1458 188 IV.
1481 152 1509 188 ii

133 270 351 308 numquam
373 258 515 309 edepol
532 271 594 296 me
611 257 747 297 uiuom
764 258 974 309 quisquam
992 259 1030 297 in
1048 259 1261 299 crastinum
1284 260 1464 311 inspiciet

1331 326 1438 365 diem
1455 342 1464 374 ;

132 400 222 425 nam
246 387 341 426 mihi
363 388 440 426 iam
462 387 566 426 intus
588 388 750 437 potione
772 388 913 428 iuncea
933 391 1109 429 onerabo
1130 392 1261 441 gulam

42 456 112 499 640
131 465 260 503 neque
287 466 360 503 ego
388 453 463 491 hoc
491 453 739 492 committam
771 462 812 493 ut
841 468 905 494 me
935 468 1020 495 esse
1051 456 1233 495 homines
1264 463 1462 494 mortuom

1137 521 1271 560 dicant
1293 523 1463 561 farne.—

635 709 869 757 ACTVS
918 710 963 756 V

668 821 911 859 STICHvs
1483 821 1563 857 V.i

184 914 300 952 More
321 914 398 952 hoc
420 914 462 952 fit
483 921 603 964 atque
625 915 742 952 stulte
764 927 851 952 mea
872 914 1067 953 sententia
1086 931 1092 953 :

182 978 213 1016 si
236 991 355 1029 quem
378 978 582 1018 hominem
604 986 843 1028 exspectant,
867 993 958 1018 eum
981 981 1108 1018 solent
1130 980 1329 1030 prouisere
1348 996 1356 1027 ;

182 1044 250 1094 qui
277 1043 281 1095 Ι
309 1045 438 1083 hercle
460 1043 524 1082 illa
546 1057 683 1082 caussa
704 1044 814 1082 ocius
836 1044 960 1083 nihilo
982 1045 1100 1083 uenit.

181 1109 288 1148 idem
309 1122 382 1159 ego
403 1122 510 1147 nune
531 1108 644 1155 facio,
667 1108 734 1159 qui
756 1109 916 1159 prouiso
938 1110 1180 1159 Sagarinum,

39 1176 106 1221 645
182 1173 249 1224 qui
271 1173 394 1212 nihilo
415 1173 529 1212 citius
551 1173 683 1212 ueniet
704 1181 836 1212 tamen
858 1176 932 1213 hac
952 1175 1083 1224 gratia.
1487 1197 1502 1228 5

183 1239 260 1278 iam
282 1240 413 1278 hercle
434 1253 507 1290 ego
528 1240 768 1278 decumbam
791 1241 912 1287 solus,
933 1240 965 1278 si
987 1240 1051 1278 ille
1072 1242 1149 1279 huc
1171 1254 1251 1279 non
1274 1242 1392 1280 uenit.

181 1306 325 1344 cadum
347 1307 469 1345 modo
490 1305 583 1344 hinc
603 1319 626 1344 a
647 1319 710 1357 me
731 1307 808 1344 huc
829 1319 921 1344 cum
943 1306 1037 1345 uino
1059 1308 1299 1354 transferam,

179 1371 361 1422 postidea
379 1371 626 1410 accumbam.
690 1371 801 1422 quasi
823 1371 887 1410 nix
908 1371 1073 1410 tabescit
1094 1372 1246 1411 dies.—

424 1485 793 1522 SANGARINVS
905 1485 1148 1522 STicflvs
1478 1486 1507 1523 ii

181 1568 245 1606 SA.
279 1567 446 1613 Saluete‚
470 1567 664 1612 Athenae,
688 1578 789 1615 quae
810 1564 982 1603 nutrices
1005 1565 1206 1613 Graeciae,

37 1641 108 1686 650
178 1626 261 1684 (te),
285 1639 384 1670 terra
404 1631 506 1671 erilis
527 1631 662 1681 patria,
685 1638 723 1669 te
744 1630 863 1670 uideo
884 1631 1036 1670 lubens.

179 1698 250 1736 sed
270 1697 398 1736 amica
418 1709 506 1735 mea
526 1704 564 1735 et
585 1709 777 1735 conserua
798 1695 894 1746 quid
914 1704 1003 1746 agat
1025 1696 1284 1746 Stephanium

179 1770 342 1810 curaest‚
366 1770 408 1801 ut
429 1763 569 1801 ualeat.
629 1775 720 1800 narn
743 1761 880 1801 Sticho
906 1762 1188 1801 mandaueram

179 1829 346 1867 salutem
367 1835 409 1866 ut
431 1826 626 1866 nuntiaret
647 1834 766 1877 atque
787 1827 822 1865 ei
844 1835 886 1865 ut
907 1827 1054 1866 diceret
1482 1843 1498 1874 5

179 1906 244 1931 me
265 1892 384 1931 hodie
405 1899 627 1939 uenturum,
651 1900 693 1931 ut
714 1906 853 1931 cenam
874 1900 1061 1942 coqueret
1083 1893 1258 1943 temperi.

37 1961 103 2006 655
179 1959 248 1997 sed
270 1957 426 1997 Stichus
447 1965 505 1996 est
526 1957 765 2007 hicquidem.
826 1959 905 1996 STI.
938 1957 1073 2004 fecisti,
1097 1971 1170 2004 ere,
1195 1958 1364 2006 facetias,

178 2037 300 2074 quom
323 2024 399 2061 hoc
421 2022 619 2061 donauisti
641 2024 750 2062 dono
771 2030 881 2061 tuom
904 2036 1060 2062 seruom
1084 2024 1274 2062 Stichum.

178 2102 249 2140 pro
269 2088 309 2127 di
330 2088 557 2127 inmortales
575 2091 581 2126 Ι
612 2095 709 2138 quot
730 2101 804 2138 ego
826 2090 1049 2139 uoluptates
1071 2090 1164 2137 fero,

168 2194 233 2233 639
264 2193 384 2224 uincea
411 2193 469 2222 (ita
493 2191 576 2232 BD)
603 2191 768 2223 D'Ovidio
850 2193 999 2223 onerado
1027 2193 1060 2222 A
1213 2195 1278 2233 640
1302 2204 1354 2224 me
1381 2205 1457 2225 esse

124 2247 244 2268 ornnes
269 2241 436 2267 mortuum
463 2236 518 2267 A:
554 2236 709 2267 homines
729 2241 897 2267 mortuum
916 2247 968 2267 me
988 2236 1021 2266 P
1168 2238 1230 2276 641
1257 2243 1362 2268 stutte
1392 2238 1455 2277 (B)

123 2281 174 2312 vel
186 2281 290 2312 stuite
308 2280 375 2317 (est
393 2280 482 2310 uitae
498 2279 588 2321 PCD)
605 2279 638 2310 P
766 2282 830 2318 643
857 2280 1032 2310 nihilotius
1050 2279 1083 2310 P
1211 2282 1273 2319 644
1300 2281 1456 2321 Sangari-

124 2335 203 2355 num
223 2324 312 2356 codd.
334 2324 428 2363 (corr.
448 2323 495 2358 D)
513 2335 520 2354 z
544 2333 588 2353 an
606 2323 817 2363 Sangarum':
950 2324 1077 2362 648-81
1105 2324 1209 2364 deficit
1222 2325 1256 2354 A
1391 2327 1456 2364 648

124 2369 278 2407 postidea
310 2367 456 2398 Ritsclzl:
488 2372 606 2406 postea
631 2367 694 2398 cod.
807 2367 903 2407 quasi
935 2367 991 2397 nix
1019 2367 1144 2399 Bothe:
1183 2378 1353 2408 quasenex
1391 2369 1455 2401 cod.

122 2412 189 2452 650
212 2417 246 2444 te
263 2411 394 2443 addidi:
419 2409 483 2454 (0)
500 2416 589 2442 terra
606 2410 796 2443 Lambinus
