1747 2740
625 131 974 170 TRINVMMVS
1404 134 1474 171 IV.
1495 133 1524 170 ii

53 249 118 294 885
140 243 171 282 si
191 251 283 282 ante
304 245 433 282 lucem
457 256 474 277 *
497 243 551 282 ire
572 242 744 294 occipias
765 256 788 282 a
809 256 898 282 meo
919 244 1047 294 primo
1068 243 1240 290 nomine,

139 309 381 348 concubium
403 309 451 347 sit
471 308 599 347 noctis
620 308 716 359 priu’
738 321 857 359 quam
878 309 928 347 ad
950 316 1194 359 postremum
1216 309 1452 360 perueneris.

139 374 216 414 CH.
250 375 340 424 opu'
361 375 502 412 factost
523 373 668 412 uiatico
689 374 740 412 ad
760 380 871 412 tuom
894 373 1052 420 nomen,
1076 381 1118 412 ut
1140 381 1181 412 tu
1202 374 1416 424 praedicas.
1494 392 1535 423 45

137 442 201 479 ΞΥ.
233 448 292 479 est
313 440 580 478 minusculum
600 441 777 486 alterum,
801 438 912 489 quasi
934 439 1121 477 uexillum
1143 440 1349 478 uinarium.

138 506 216 545 CH.
260 505 356 555 quid
386 512 445 543 est
474 504 546 543 tibi
577 518 735 552 nornen,
759 505 1023 543 adulescens?
1080 507 1143 543 Si:
1190 508 1317 552 ‘Pax,'
1348 506 1388 545 id
1417 513 1475 545 est

1194 584 1341 609 nomen
1364 571 1471 610 mibi.

50 643 120 687 890
138 637 215 674 hoc
236 635 544 674 cottidianumst.
607 636 683 674 CH.
718 636 859 685 edepol
881 648 1029 674 nornen
1052 635 1302 686 nugatorium
1321 638 1327 674 1

137 700 250 751 quasi
270 700 390 747 dicas,
413 700 445 738 si
465 699 561 750 quid
583 699 817 738 crediderim
839 699 921 747 tibi,
948 703 956 719 ⁶
970 713 1044 750 pax
1059 700 1284 751 ²—periisse
1305 701 1406 739 ilico.

136 766 201 805 hic
239 767 362 805 homo
396 765 523 805 solide
557 767 847 817 sycophantast.
909 765 1006 816 quid
1035 765 1091 804 ais
1126 773 1180 813 tu,
1209 768 1474 805 adulescens?
1493 781 1535 812 50

1169 833 1232 871 ΞΥ.
1266 832 1364 883 quid
1385 834 1474 871 est?

137 898 215 938 CH.
248 899 447 948 eloquere,
468 897 530 936 isti
551 897 622 936 tibi
650 897 746 948 quid
774 897 956 936 homines
983 897 1133 936 debent
1161 911 1260 948 quos
1288 905 1330 936 tu
1358 911 1474 948 quae-

1353 963 1444 1002 ritas
1458 965 1475 1001 ?

135 1031 199 1068 Sv.
232 1036 342 1080 pater
363 1029 473 1068 istius
495 1029 760 1068 adulescentis
783 1028 893 1068 dedit
914 1030 984 1067 has
1006 1030 1104 1068 duas
1126 1029 1180 1067 mi
1200 1029 1398 1079 epistulas,

45 1097 112 1141 895
136 1094 359 1134 Lesbonici.
410 1094 442 1133 is
463 1094 559 1132 mihi
581 1102 639 1133 est
660 1094 821 1133 amicus.
869 1095 947 1134 CH.
972 1102 1090 1133 teneo
1111 1096 1217 1133 hunc
1240 1096 1474 1133 manufesta-

1358 1160 1469 1198 rium.

134 1241 198 1266 me
219 1226 293 1265 sibi
314 1225 500 1277 epistulas
522 1225 679 1264 dedisse
702 1224 807 1264 dicit.
869 1226 1004 1263 ludam
1026 1225 1230 1264 hominem
1252 1225 1386 1276 probe.

133 1293 197 1331 ΞΥ.
234 1291 287 1330 ita
313 1299 356 1330 ut
382 1291 531 1342 occepi,
555 1290 586 1329 si
613 1290 790 1328 animum
818 1291 1014 1338 aduortas,
1045 1290 1186 1329 dicam.
1248 1292 1325 1331 CH.
1363 1292 1470 1330 dabo
1491 1304 1530 1336 55

702 1347 706 1353 ⁸
1202 1370 1363 1407 operam
1385 1356 1467 1396 tibi.

133 1426 197 1463 Sv.
230 1425 333 1462 hanc
354 1436 417 1462 me
438 1422 549 1461 iussit
572 1421 797 1460 Lesbonico
820 1435 891 1460 suo
913 1429 1032 1472 gnato
1054 1423 1147 1461 dare
1169 1421 1389 1472 epistulam,

133 1496 171 1528 et
193 1489 287 1528 item
307 1490 411 1527 hanc
431 1490 592 1527 alteram
615 1500 687 1526 suo
707 1486 837 1525 amico
860 1486 1012 1526 Callicli
1035 1487 1146 1525 iussit
1166 1488 1270 1526 dare.

47 1566 116 1601 900
135 1555 213 1595 CH.
247 1553 343 1592 mihi
367 1567 528 1604 quoque
555 1554 710 1603 edepol,
733 1566 856 1603 quom
885 1552 949 1590 hic
977 1559 1154 1602 nugatur,
1178 1561 1315 1591 contra
1335 1553 1472 1604 nugari

1347 1620 1468 1658 lubet.

133 1686 202 1726 ubi
222 1686 306 1737 ipse
327 1688 437 1724 erat?
485 1687 548 1724 ΞΥ.
581 1685 683 1723 bene
704 1697 786 1723 rem
807 1683 977 1734 gerebat.
1038 1685 1116 1723 CH.
1149 1698 1241 1735 ergo
1262 1684 1360 1724 ubi?
1403 1687 1468 1724 ΞΥ.

1213 1750 1252 1788 in
1274 1750 1463 1789 Seleucia.

132 1818 210 1857 CH.
242 1818 293 1856 ab
314 1817 429 1868 ipson
449 1816 541 1855 istas
561 1815 777 1866 accepisti?
833 1817 897 1854 Sv.
930 1829 951 1854 e
972 1815 1154 1854 manibus
1176 1816 1286 1855 dedit
1307 1816 1361 1854 mi
1381 1816 1465 1867 ipse
1485 1820 1529 1852 60

1251 1881 1291 1919 in
1312 1896 1464 1921 manus.

133 1949 212 1990 CH.
243 1962 322 2000 qua
341 1948 440 1987 facie
460 1955 518 1987 est
539 1949 690 1986 homo?
742 1948 804 1985 Sv.
839 1946 1075 1997 sesquipede
1097 1946 1326 1997 quiddamst
1347 1960 1467 1997 quam

1239 2021 1280 2051 tu
1302 2012 1463 2062 longior.

175 2120 240 2158 885
264 2122 339 2149 ante
356 2118 403 2149 ire
420 2122 500 2159 spat.
520 2119 540 2147 6
557 2117 613 2149 litt.
634 2116 687 2148 B:
711 2115 869 2160 (hercle)
888 2117 1015 2147 Rstsclzl
1155 2118 1220 2147 886
1244 2118 1284 2147 ad
1303 2128 1367 2147 om.
1402 2117 1466 2149 cod.

1261 2166 1285 2186 st

136 2197 295 2228 Varronis
310 2196 348 2227 de
364 2196 402 2228 L.
418 2194 457 2227 L.
473 2207 500 2235 7,
516 2197 556 2234 78
667 2195 729 2234 887
757 2195 876 2226 factost
894 2193 960 2235 [et]
982 2194 1046 2225 cod.
1069 2195 1146 2234 (pro
1165 2195 1310 2225 sactoet?
1329 2195 1349 2225 i.
1372 2206 1399 2233 7,
1418 2195 1466 2230 23:

131 2252 208 2272 corr.
229 2240 378 2281 Scaliger
505 2240 569 2269 888
595 2239 745 2269 uixillum
768 2239 935 2279 (iuxillum
961 2238 1005 2270 Β)
1022 2237 1088 2269 cod.
1118 2240 1143 2277 (2
1159 2239 1177 2269 ι’.
1192 2250 1215 2268 e.
1236 2239 1409 2277 uexillum,
1432 2243 1469 2269 ut

131 2286 165 2316 in
188 2284 222 2317 C.
241 2285 268 2316 I.
290 2285 329 2315 L.
348 2284 389 2314 vi.
417 2293 507 2324 1377⁷
528 2284 629 2322 2544)
799 2283 926 2322 889-91
955 2292 1068 2312 versus
1092 2282 1228 2313 traditos
1248 2287 1323 2323 post
1345 2294 1374 2314 v.
1401 2292 1464 2321 937

131 2329 196 2360 huc
206 2328 406 2369 transposuit
418 2327 532 2368 iMeyer,
549 2328 603 2357 vix
614 2327 737 2357 iniuria
828 2327 893 2365 889
909 2325 1000 2364 Quid
1011 2324 1089 2367 (id)
1101 2325 1227 2356 Ritscld
1315 2327 1378 2365 892
1396 2325 1463 2367 est]

132 2383 170 2403 es
185 2372 250 2404 cod.
343 2373 407 2411 895
434 2371 612 2402 Lesbonici
630 2371 658 2401 is
675 2370 823 2401 Pareus:
843 2369 1025 2400 lesbonicis
1037 2368 1102 2400 cod.
1195 2380 1260 2408 900
1279 2376 1466 2409 nuguratur

131 2416 198 2447 cod.
289 2426 351 2456 901
379 2418 385 2432 ¹
399 2416 435 2455 cf.
449 2417 524 2454 928.
581 2415 639 2454 qui
652 2425 782 2444 versum
799 2413 933 2444 insemu't
944 2414 1003 2443 l10c
1018 2423 1052 2442 eo
1067 2413 1198 2443 consilio
1202 2414 1314 2452 fecisse
1330 2413 1464 2450 videtur,

133 2464 171 2493 ut
183 2459 294 2492 dm'nde
309 2471 357 2491 vv.
377 2460 508 2500 928-49
523 2458 632 2489 omitti
638 2458 789 2500 possent'
810 2457 875 2488 Leo
1005 2466 1070 2496 903
1094 2457 1263 2496 quidamst
1276 2457 1379 2488 Bothe
