1747 2740
201 156 255 194 II.
277 155 322 193 iv
703 157 749 193 T.
784 155 966 195 MACCI
998 155 1203 194 PLAVTI

198 268 259 302 160

196 931 256 966 ¹70

196 1326 256 1363 175

199 1646 257 1676 180

198 1975 255 2014 185

332 267 462 318 lepide
483 268 613 307 hercle
634 267 683 306 de'
704 280 796 317 agro
818 280 891 317 ego
913 267 1020 305 hunc
1041 280 1177 306 senem
1198 266 1368 307 deterrui
1386 283 1397 316 ς
1634 271 1703 316 560

331 347 422 371 nam
444 333 509 383 qui
532 333 714 371 uiuamus
736 332 833 370 nihil
855 340 924 378 est,
948 332 979 370 si
1002 332 1111 371 illum
1133 332 1315 372 amiserit.

332 400 406 436 PH.
438 400 558 437 redeo
578 399 628 436 ad
651 406 699 444 te,
724 397 958 436 Lesbonice.
1023 399 1092 435 LE.
1126 397 1190 436 dic
1211 399 1328 436 sodes
1349 396 1458 445 mihi,

332 463 428 514 quid
449 464 512 502 hic
533 471 591 502 est
611 465 767 502 locutus
785 470 916 501 tecum
933 464 950 501 ?
998 464 1073 500 PH.
1097 462 1195 512 quid
1211 465 1382 502 censes?
1428 465 1588 503 homost
1606 479 1614 503 :

331 531 415 568 uolt
436 528 517 567 fieri
537 528 645 576 liber,
670 542 806 567 uerum
829 529 939 578 quod
960 529 1027 566 det
1049 542 1129 566 non
1155 528 1285 567 habet.

332 596 402 633 LE.
436 602 474 633 et
496 594 568 644 ego
589 607 675 633 esse
695 595 884 645 locuples,
908 607 1045 632 uerum
1068 593 1310 644 nequiquam
1332 595 1436 633 uolo.
1634 593 1698 638 563

332 661 394 697 ST.
424 659 622 706 licitumst,
646 659 676 697 si
699 660 845 707 uelle53
875 673 992 706 nunc,
1017 672 1139 709 quom
1162 658 1259 696 nihil
1280 666 1348 706 est,
1372 671 1454 696 non
1475 657 1575 697 licet.

331 726 401 762 LE.
426 724 522 775 quid
543 732 685 770 tecum,
706 723 906 763 Stasime?
955 726 1017 763 ST.
1043 724 1093 763 de'
1114 723 1213 762 istoc
1229 725 1339 774 quod
1355 722 1451 762 dixti
1468 724 1613 763 modo:

330 790 360 828 si
381 797 473 829 ante
494 790 696 836 uoluisses,
723 804 828 829 esses
845 804 855 838 ς
885 804 992 828 nunc
1013 803 1100 829 sero
1121 789 1244 841 cupis.

331 857 405 894 PH.
438 857 489 894 de
509 857 603 895 dote
625 869 781 894 mecum
805 856 1020 895 conuenire
1040 855 1137 893 nihil
1159 863 1289 906 potest
1309 871 1315 894 :

330 921 426 972 quid
448 921 519 959 tibi
539 922 648 959 lubet
669 929 753 960 tute
773 921 879 971 agito
901 935 991 960 cum
1014 928 1108 960 nato
1129 934 1231 961 meo.
1635 934 1703 970 570

330 1000 437 1024 nunc
458 994 565 1024 tuam
588 999 761 1025 sororem
784 986 865 1025 filio
885 999 1009 1037 posco
1030 1000 1131 1025 meo.

330 1064 431 1102 quae
452 1065 511 1090 res
532 1052 636 1090 bene
657 1055 808 1090 uortat!
840 1051 937 1102 quid
957 1053 1096 1090 nunc?
1126 1051 1244 1091 etiam
1266 1052 1470 1092 consulis?

330 1119 401 1156 LE.
434 1117 531 1168 quid
558 1117 674 1156 istic?
704 1119 867 1167 quando
896 1117 948 1156 ita
975 1116 1059 1156 uis:
1090 1117 1130 1156 di
1151 1118 1255 1157 bene
1284 1121 1468 1157 uortant!
1499 1131 1615 1168 spon-

1522 1184 1611 1223 deo.

331 1250 393 1288 ST.
427 1262 645 1299 numquam
667 1250 810 1299 edepol
833 1248 1049 1299 quoiquam
1069 1247 1187 1301 (tam)
1206 1256 1454 1299 exspectatus
1475 1248 1577 1288 filius

331 1322 445 1353 natus
467 1328 586 1365 quam
608 1314 699 1352 illuc
716 1322 774 1352 est
795 1316 804 1333 ‘
820 1315 1001 1363 spondeo
1017 1315 1025 1331 '
1045 1321 1183 1352 natum
1205 1314 1313 1353 mihi.
1634 1324 1699 1364 575

331 1380 370 1419 di
393 1381 650 1419 fortunabunt
672 1386 804 1418 uostra
825 1378 999 1417 consilia.
1060 1381 1135 1417 PH.
1168 1379 1222 1418 ita
1243 1381 1345 1419 uolo.

332 1447 403 1484 LE.
436 1447 518 1493 sed,
537 1445 715 1491 Stasime,
733 1444 798 1483 abi
820 1446 898 1483 huc
918 1446 969 1483 ad
991 1458 1120 1483 meam
1138 1458 1312 1484 sororem
1326 1446 1378 1484 ad
1395 1445 1612 1494 Calliclem,

329 1512 394 1551 dic
414 1513 491 1550 hoc
513 1510 645 1561 negoti
666 1524 746 1561 quo
767 1511 890 1549 modo
910 1518 1091 1549 actumst.
1152 1512 1215 1550 ST.
1248 1511 1378 1551 ibitur.

330 1579 401 1615 LE.
435 1584 472 1615 et
492 1578 705 1627 gratulator
726 1589 838 1614 meae
859 1575 992 1614 sorori.
1053 1577 1117 1616 ST.
1149 1576 1309 1615 scilicet.

332 1644 406 1680 PH.
439 1641 450 1680 i
471 1643 559 1690 hac,
582 1641 815 1688 Lesbonice,
840 1654 1009 1689 mecum,
1032 1648 1074 1679 ut
1095 1653 1227 1680 coram
1249 1641 1396 1693 nuptiis
1633 1645 1703 1689 580

331 1707 415 1746 dies
436 1707 697 1746 constituatur
714 1722 724 1755 ,-
753 1708 893 1746 eadem
916 1708 1014 1745 haec
1035 1707 1427 1747 confirmabimus.—

334 1775 404 1811 LE.
438 1781 478 1811 tu
507 1773 510 1823 Ι
537 1773 637 1811 istuc
659 1786 750 1811 cura
772 1774 882 1823 quod
903 1772 1007 1811 iussi.
1067 1786 1141 1822 ego
1162 1773 1240 1811 iam
1267 1773 1271 1823 Ι
1299 1773 1363 1812 hic
1383 1786 1460 1812 ero.

331 1838 396 1877 dic
417 1838 581 1886 Callicli,
605 1852 668 1877 me
690 1846 730 1876 ut
752 1837 976 1876 conueniat.
1037 1839 1101 1877 ST.
1133 1838 1229 1888 quin
1250 1846 1292 1876 tu
1313 1838 1324 1876 i
1346 1840 1478 1878 modo.

332 1905 403 1942 LE.
435 1905 486 1942 de
507 1905 600 1943 dote
622 1912 663 1942 ut
685 1903 817 1943 uideat
840 1904 936 1953 quid
959 1905 1050 1953 opu'
1071 1903 1119 1942 sit
1141 1905 1256 1942 facto.
1317 1905 1379 1942 ST.
1404 1903 1414 1941 i
1437 1905 1568 1943 modo.

333 1971 402 2008 LE.
436 1983 526 2008 nam
559 1977 747 2008 certumst
783 1969 867 2008 sine
897 1970 991 2008 dote
1021 1970 1099 2007 hau
1129 1970 1233 2008 dare.
1307 1970 1369 2008 ST.
1402 1969 1498 2020 quin
1529 1978 1570 2008 tu
1601 1969 1696 2016 i585

1477 2036 1610 2074 modo,

319 2141 384 2179 560
408 2140 428 2171 l.
446 2141 478 2172 h.
496 2150 578 2180 agro
595 2151 660 2180 ego
677 2141 741 2171 hoc
754 2141 844 2172 hunc
861 2151 886 2172 s.
905 2141 935 2172 d.
953 2140 998 2173 A.
1010 2140 1090 2180 sort.
1110 2144 1186 2171 recte
1288 2141 1349 2178 561
1375 2139 1430 2179 qui
1447 2149 1564 2170 namus
1576 2139 1609 2169 A

276 2183 336 2222 (iii.
358 2183 391 2222 3)
527 2187 590 2223 563
616 2190 668 2215 cst
681 2196 746 2216 om.
769 2184 800 2215 Ρ
816 2187 897 2225 (pro
915 2185 967 2214 hic
993 2185 1136 2214 locutust
1153 2183 1204 2214 vel
1215 2184 1313 2214 etiam
1340 2183 1426 2214 hicst
1445 2182 1573 2214 locutus
1584 2184 1610 2223 3)

275 2237 398 2258 census
416 2227 449 2257 P
533 2231 596 2267 566
621 2229 758 2260 Licitusi
776 2239 805 2260 u.
820 2228 852 2259 P
864 2253 865 2256 ,
878 2228 922 2259 ἰίἰ.
947 2238 981 2266 3¹
1073 2228 1222 2266 568-636
1237 2226 1320 2257 dcest
1329 2227 1361 2256 A
1451 2227 1516 2266 568
1532 2233 1612 2258 ante

277 2270 433 2303 Guielus:
457 2276 557 2302 antea
589 2272 656 2304 cod.
791 2274 855 2311 569
880 2277 989 2311 potest
1008 2271 1202 2302 Acidalius:
1226 2277 1324 2310 potes
1349 2269 1414 2301 cod.
1549 2280 1611 2310 572

275 2316 425 2346 consulis
439 2315 649 2347 Camerarius
664 2328 670 2346 z
687 2316 823 2346 consuis
836 2315 900 2346 cod.
993 2326 1056 2354 573
1074 2320 1183 2346 uortat
1200 2314 1233 2345 Β
1308 2324 1381 2353 574,
1395 2323 1457 2353 575
1468 2314 1616 2345 Pln'ltom'

273 2358 426 2390 dantalt't'
510 2370 572 2399 574
597 2371 627 2399 q.
643 2365 709 2390 tam
722 2359 796 2391 Ital.
816 2370 880 2389 :an
891 2360 1103 2399 quoiiquam?
1169 2361 1231 2397 576
1247 2358 1297 2388 vel
1307 2357 1383 2395 PH„
1399 2357 1456 2389 LE.
1548 2359 1611 2397 582

276 2412 296 2432 a
313 2407 513 2433 retractatore
539 2408 546 2421 ⁴
560 2403 693 2434 additus
715 2408 752 2433 ut
775 2403 891 2433 ultima
909 2413 1041 2433 summe
1053 2408 1134 2443 pars
1157 2402 1267 2432 omme·
1281 2401 1407 2442 posset'
1431 2402 1514 2432 Leo:
1537 2406 1613 2442 pos!

278 2455 342 2485 590
355 2450 478 2485 transl).
498 2447 602 2477 Bothe
690 2448 752 2485 583
770 2452 938 2477 conuenat
950 2446 1054 2476 Bothe
1121 2446 1183 2485 584
1201 2457 1232 2485 q.
1248 2445 1375 2485 possit(
1391 2447 1512 2485 tpmq.
1525 2455 1610 2485 opos

276 2490 340 2528 sit;
356 2490 393 2531 cf.
410 2489 509 2521 Stich.
525 2492 603 2531 573)
695 2491 757 2531 585
782 2491 846 2520 had
862 2495 912 2532 *gut
927 2491 960 2520 in
972 2489 1070 2521 Pom.
1087 2493 1183 2530 1355}
1195 2490 1274 2520 dare
1288 2489 1430 2528 (addere
1441 2488 1530 2530 PCD)
1542 2488 1608 2521 cod.
