1747 2740
133 143 248 183 [Iti
655 144 701 181 T.
738 142 917 182 MACCI
950 142 1155 181 PLAVTI

236 259 302 291 tua
322 266 460 292 caussa
480 267 600 292 nemo
620 259 881 291 nostrorumst
901 265 994 291 suos
1014 260 1198 303 rupturus
1218 252 1386 291 ramites.
1589 261 1657 299 540

236 319 310 356 AG.
343 318 459 356 nimis
494 317 672 356 iracundi
707 317 823 356 estis:
867 317 1054 368 equidem
1094 319 1192 356 haec
1231 317 1346 356 uobis
1383 317 1463 357 dixi
1501 331 1571 369 per

494 378 498 381 ⁷
1422 382 1566 421 iocum.

235 449 340 486 ADv.
364 462 432 498 per
453 448 584 486 iocum
607 447 743 486 itidem
766 447 917 486 dictum
939 448 1086 487 habeto
1103 461 1205 498 quae
1226 461 1298 486 nos
1320 446 1390 486 tibi
1412 461 1569 498 respon-

1421 511 1564 551 dimus.

172 592 216 623 40
235 578 309 615 AG.
342 591 508 628 opsecro
540 578 682 624 hercle,
719 590 880 627 operam
915 578 1091 616 celocem
1126 578 1229 615 hanc
1261 576 1369 624 mihi,
1404 590 1454 615 ne
1486 591 1568 616 cor-

1309 642 1431 681 bitam
1451 643 1544 682 date
1556 657 1568 692 ;

233 708 479 758 adtrepidate
500 709 649 755 saltem,
674 722 765 746 nam
787 721 859 746 uos
880 709 1142 758 adproperare
1162 708 1240 746 hau
1262 708 1430 758 postulo.

235 775 339 812 ADV.
363 773 394 812 si
415 773 511 823 quid
533 781 573 811 tu
596 773 750 823 placide
771 773 978 822 otioseque
998 787 1112 823 agere
1132 773 1202 820 uis,
1219 786 1378 823 operam
1399 773 1540 812 damus
1559 788 1569 822 3
1588 786 1652 824 545

235 839 266 877 si
287 852 483 890 properas,
506 852 683 877 cursores
705 838 862 876 meliust
884 846 922 876 te
941 839 1159 876 aduocatos
1181 839 1335 877 ducere.

234 906 309 943 AG.
343 903 448 942 scitis
469 917 561 950 rem,
586 902 738 941 narraui
760 902 875 941 uobis
897 904 1006 952 quod
1024 910 1156 941 uostra
1172 916 1291 953 opera
1308 902 1359 941 mi
1377 905 1468 954 opu'
1484 902 1567 950 siet,

173 983 213 1016 45
235 970 285 1008 de
306 971 450 1008 lenone
471 970 547 1007 hoc
569 968 636 1019 qui
659 982 722 1007 me
742 975 944 1006 amantem
966 967 1191 1006 ludificatur
1211 975 1290 1006 tam
1312 967 1391 1015 diu,

233 1033 269 1073 ei
290 1042 446 1085 paratae
468 1041 510 1072 ut
530 1033 607 1072 sint
627 1032 793 1071 insidiae
814 1034 864 1071 de
885 1046 981 1071 auro
1001 1040 1040 1071 et
1059 1033 1110 1071 de
1131 1045 1246 1072 seruo
1266 1046 1365 1072 meo.

233 1101 338 1138 ADv.
371 1099 504 1138 omnia
524 1098 643 1137 istaec
664 1097 809 1136 scimus
830 1097 908 1136 iam
930 1111 1013 1145 nOS‚
1037 1097 1069 1135 si
1089 1097 1129 1136 hi
1150 1105 1388 1148 spectatores
1417 1098 1542 1137 sciant
1557 1113 1568 1147 3
1589 1110 1656 1146 550

233 1165 384 1203 horunc
405 1164 469 1203 hic
490 1178 595 1202 nunc
617 1177 756 1202 caussa
775 1164 874 1202 haec
895 1162 1022 1214 agitur
1042 1171 1307 1213 spectatorum
1329 1164 1484 1204 fabula:

233 1231 306 1269 hos
327 1237 364 1269 te
385 1229 504 1268 satius
525 1237 583 1268 est
604 1230 758 1275 docere,
781 1235 833 1274 ut,
857 1229 1020 1278 quando
1041 1241 1143 1278 agas,
1166 1227 1262 1278 quid
1281 1241 1372 1279 agas
1392 1228 1528 1267 sciant.

173 1308 215 1339 50
233 1308 305 1333 nos
328 1303 368 1333 tu
390 1309 440 1333 ne
461 1293 625 1332 curassis
643 1310 649 1332 :
681 1293 826 1332 scimus
843 1306 924 1331 rem
943 1306 1116 1339 omnem,
1136 1292 1283 1343 quippe
1296 1306 1434 1332 omnes
1450 1292 1567 1332 simul

232 1360 454 1399 dedicimus
476 1368 606 1398 tecum
628 1372 716 1405 una,
742 1366 783 1396 ut
804 1358 1044 1407 respondere
1065 1356 1261 1407 possimus
1283 1356 1363 1396 tibi.

235 1427 307 1465 AG.
340 1425 393 1464 ita
422 1426 599 1476 profecto
629 1431 698 1463 est.
760 1424 830 1462 sed
860 1422 962 1473 agite
993 1422 1118 1473 igitur,
1142 1429 1185 1461 ut
1211 1421 1331 1461 sciam
1357 1436 1429 1462 uos
1453 1423 1563 1471 scire,
1587 1435 1651 1472 555

1483 1503 1565 1529 rem

231 1557 413 1608 expedite
434 1564 471 1595 et
494 1555 589 1594 mihi
611 1569 711 1606 quae
734 1554 848 1594 uobis
870 1555 1024 1594 dudum
1046 1554 1125 1593 dixi
1145 1553 1275 1594 dicite.

232 1624 336 1661 ADv.
360 1622 493 1661 itane?
524 1629 693 1671 temptas
715 1634 766 1658 an
789 1619 992 1658 sciamus?
1023 1633 1103 1659 non
1122 1619 1348 1660 meminisse
1362 1634 1434 1660 nos
1450 1623 1566 1660 ratu‘s

171 1702 211 1734 55
231 1702 311 1738 quo
332 1689 453 1726 modo
475 1694 670 1726 trecentos
696 1685 900 1736 Philippos
925 1685 1153 1735 Collybisco
1174 1685 1292 1724 uilico

231 1753 396 1800 dederis,
421 1765 520 1802 quos
541 1753 707 1790 deferret
730 1752 806 1789 huc
827 1752 879 1789 ad
901 1752 1086 1789 lenonem
1109 1750 1311 1790 inimicum
1333 1759 1454 1799 tuom,

231 1818 302 1869 isq'
314 1832 355 1857 se
369 1826 410 1856 ut
426 1819 677 1856 adsimularet
694 1816 942 1868 peregrinum
962 1830 1047 1856 esse
1061 1816 1220 1856 aliunde
1236 1830 1283 1856 ex
1295 1816 1372 1856 alio
1387 1817 1566 1869 oppido?
1585 1821 1654 1867 560

230 1884 297 1922 ubi
320 1883 350 1923 is
371 1882 563 1930 detulerit,
587 1884 627 1921 tu
649 1896 697 1921 eo
719 1896 875 1921 seruom
899 1882 1121 1932 quaesitum
1141 1883 1334 1922 aduentes
1356 1892 1465 1923 tuom

230 1963 321 1987 cum
343 1948 519 1999 pecunia.
582 1950 656 1987 Ao.
692 1948 925 1987 meministis
952 1947 1187 1995 memoriter,
1210 1947 1383 1987 seruasti'
1405 1961 1477 1987 me.

170 2017 212 2049 6.)
232 2016 335 2052 Anv.
368 2013 432 2052 ille
453 2013 611 2064 negabit
630 2029 637 2052 ε
672 2013 936 2064 Milphionem
960 2013 1093 2064 quaeri
1116 2012 1292 2052 censebit
1313 2019 1423 2051 tuom
1439 2026 1450 2060 3

232 2079 272 2118 id
292 2079 509 2130 duplicabit
531 2093 650 2118 omne
671 2081 829 2119 furtum.
889 2081 980 2118 leno
1001 2079 1206 2118 addicetur
1227 2078 1307 2118 tibi.

271 2193 334 2222 542
359 2183 445 2214 dicta
474 2183 603 2224 Bentley
801 2184 909 2223 543-6
936 2184 1048 2213 (sliam
1077 2186 1138 2223 567
1153 2185 1219 2223 77*
1259 2184 1471 2215 rrtmctatoris
1502 2195 1567 2216 esse

231 2226 325 2257 credit
344 2227 415 2262 Leo.
441 2227 632 2258 ‘breviorem
652 2238 805 2258 scaenam
825 2227 1003 2258 Plautinae
1016 2228 1226 2258 snbststntmn
1241 2228 1247 2238 '
1340 2237 1401 2267 543
1418 2229 1564 2259 celocem

233 2274 363 2301 tus-tatur
380 2271 515 2302 Nonius
531 2281 594 2310 533
613 2283 619 2301 :
645 2272 793 2302 uclocern
812 2271 877 2301 cod⁴
971 2271 1028 2311 nc]
1057 2281 1118 2301 nce
1136 2271 1266 2301 Nonius
1396 2282 1458 2311 547
1482 2273 1564 2311 quid

237 2314 356 2354 (sss-1213
492 2325 549 2353 55¹
581 2315 634 2345 hic
652 2315 812 2354 vaades:
839 2315 916 2344 hinc
935 2314 1000 2345 cod.
1120 2325 1183 2354 552
1207 2325 1287 2353 agas
1303 2325 1348 2346 sc.
1368 2315 1564 2346 An'dalius:

234 2363 335 2395 agant
351 2368 397 2388 sc.
418 2358 484 2389 cod.
579 2369 640 2398 55*
667 2368 845 2397 possemus
862 2356 928 2387 Lm
1018 2359 1082 2396 556
1107 2364 1139 2388 et
1152 2358 1211 2388 dcl.
1227 2358 1424 2393 Lmnln'nm'.
1440 2357 1566 2389 Ritschl

234 2403 298 2440 560
322 2402 415 2440 isqm=
433 2402 489 2432 dsl.
512 2401 577 2431 Lro
669 2413 746 2432 csse
763 2401 820 2431 dcl.
842 2400 944 2431 Bothe
1047 2403 1105 2439 561
1133 2412 1187 2440 qu.
1208 2412 1234 2432 S.
1254 2401 1319 2432 cod.
1338 2413 1344 2432 ε
1369 2403 1442 2432 lrm'.
1462 2402 1564 2433 Bothe

233 2445 394 2476 aduenics
408 2445 528 2476 Bothe:
548 2447 710 2475 aduente-S
723 2445 787 2476 cod.
810 2445 923 2485 (ΓΝ-ο
939 2444 966 2479 Ι)
983 2455 990 2474 ;
1009 2450 1114 2475 -tarcs
1131 2444 1265 2485 Sassxfflrt
1317 2447 1381 2483 562
1397 2456 1475 2485 qum
1493 2446 1559 2478 cod.
