1747 2740
211 138 241 178 Ι.

204 404 242 436 35

206 729 248 760 40

207 1121 248 1153 45

211 1447 251 1480 50

215 1771 255 1803 55

263 139 293 176 ii
691 138 739 176 T.
772 136 954 176 MACCI
986 134 1191 174 PLAVTI

317 251 391 290 nisi
412 258 454 290 tu
476 265 540 290 me
561 249 742 288 mihimet
762 262 901 288 censes
921 248 1118 287 dicturum
1140 249 1253 286 male.

317 331 409 355 narn
431 316 461 355 si
483 316 523 354 in
545 324 584 355 te
603 323 807 366 aegrotant
827 323 930 353 artes
949 314 1137 365 antiquae
1157 321 1259 361 tuae,

317 381 397 435 [sin
418 382 628 420 immutare
648 381 708 419 uis
728 380 931 431 ingenium
952 377 1145 431 moribus]
1624 389 1691 428 72⁸

316 454 386 485 aut
406 446 436 485 si
458 448 668 486 demutant
688 459 817 484 mores
838 445 1041 496 ingenium
1062 452 1174 483 tuom

318 527 448 563 neque
469 527 538 552 eos
557 512 743 562 antiquos
764 525 907 559 seruas,
931 519 991 549 ast
1011 519 1146 561 captas
1166 524 1306 557 nouos,

317 578 505 618 omnibus
525 578 663 617 amicis
684 578 869 617 morbum
890 584 932 615 tu
953 576 1121 615 incuties
1141 589 1316 626 grauem,
1625 585 1666 621 75

322 651 364 682 ut
386 651 422 682 te
443 643 578 682 uidere
599 643 816 693 audireque
837 641 985 693 aegroti
1007 641 1119 681 sient.

322 711 394 749 CA.
428 708 495 759 qui
517 708 557 747 in
578 717 752 748 mentem
775 708 886 747 uenit
906 707 978 746 tibi
999 707 1120 746 istaec
1140 707 1248 747 dicta
1267 706 1432 747 dicere?

322 777 405 813 ME.
439 774 532 825 quia
552 774 684 813 omnis
703 774 831 813 bonos
849 774 1055 824 bonasque
1075 774 1265 811 adcurare
1284 774 1454 812 addecet

319 839 588 890 suspicionem
609 848 648 879 et
667 841 826 890 culpam
847 848 890 878 ut
910 840 961 878 ab
983 853 1024 878 se
1044 847 1260 889 segregent.

320 907 393 946 CA.
426 920 507 945 non
535 913 665 956 potest
691 914 904 956 utrumque
931 905 1024 944 fieri.
1086 906 1172 943 ME.
1204 906 1474 955 quapropter?
1531 905 1603 943 CA.
1626 907 1673 942 80

1464 983 1576 1020 rogas
1591 970 1608 1006 ?

321 1052 371 1076 ne
387 1037 595 1077 admittam
616 1039 787 1088 culpam,
810 1051 884 1089 ego
905 1050 996 1076 meo
1017 1050 1104 1075 sum
1125 1049 1288 1087 promus
1308 1034 1483 1086 pectori:

322 1103 495 1154 suspicio
517 1111 574 1142 est
596 1103 636 1141 in
657 1111 818 1154 pectore
838 1103 970 1141 alieno
991 1101 1074 1140 sita.

324 1183 416 1207 nam
437 1183 544 1208 nunc
560 1182 638 1221 *ego
660 1168 691 1207 si
713 1176 750 1207 te
767 1167 1015 1219 surrupuisse
1037 1166 1212 1217 suspicer

323 1234 412 1274 Ioui
433 1248 621 1274 coronam
644 1236 694 1274 de
715 1234 844 1285 capite
865 1248 912 1273 ex
933 1232 1134 1285 Capitolio

323 1301 433 1351 quod
454 1300 494 1338 in
515 1300 716 1339 columine
736 1307 838 1338 astat
859 1312 1041 1338 summo:
1069 1298 1102 1337 si
1124 1297 1165 1337 id
1186 1311 1268 1337 non
1290 1296 1428 1337 feceris
1629 1301 1670 1345 85

323 1373 442 1416 atque
463 1364 503 1404 id
524 1373 656 1404 tamen
679 1364 776 1403 mihi
798 1365 932 1403 lubeat
953 1362 1195 1414 suspicarier,

324 1431 392 1482 qui
413 1439 455 1469 tu
476 1430 517 1469 id
538 1431 748 1481 prohibere
769 1444 834 1469 me
855 1437 968 1481 potes
990 1443 1040 1468 ne
1062 1428 1267 1480 suspicer?

325 1497 395 1535 sed
416 1495 515 1534 istuc
537 1496 668 1546 negoti
691 1495 810 1546 cupio
830 1495 928 1533 scire
949 1495 1046 1545 quid
1067 1494 1151 1533 siet.

327 1564 411 1600 ΜΕ.
445 1562 575 1600 haben
597 1569 638 1600 tu
659 1561 832 1600 amicum
855 1568 922 1599 aut
943 1559 1175 1599 familiarem
1197 1559 1426 1611 quempiam

327 1627 421 1678 quoi
441 1635 579 1678 pectus
601 1627 725 1677 sapiat
742 1629 759 1665 ?
815 1628 887 1666 CA.
921 1627 1064 1676 edepol
1084 1627 1163 1664 hau
1184 1625 1315 1665 dicam
1336 1626 1430 1665 dolo
1449 1640 1457 1664 :
1630 1635 1676 1671 90

329 1701 420 1732 sunt
440 1706 540 1743 quos
562 1693 644 1731 scio
665 1706 750 1731 esse
771 1692 932 1739 amico&
956 1699 1047 1730 sunt
1067 1704 1169 1741 quos
1190 1691 1378 1742 suspicor,

330 1766 421 1797 sunt
443 1772 611 1809 quorum
633 1758 790 1809 ingenia
811 1766 930 1808 atque
950 1756 1105 1796 animos
1126 1770 1283 1808 nequeo
1304 1770 1469 1797 noscere

329 1826 382 1864 ad
401 1824 517 1863 amici
539 1832 689 1875 partem
711 1838 761 1862 an
782 1825 833 1862 ad
855 1822 1003 1861 inimici
1025 1831 1244 1874 peruenant
1260 1837 1272 1872 3

329 1891 400 1930 sed
421 1893 462 1929 tii
484 1904 530 1929 ex
550 1889 687 1928 amicis
709 1889 824 1928 certis
848 1888 942 1927 mihi
965 1902 1006 1927 es
1027 1888 1293 1927 certissumus.

329 1956 360 1995 si
381 1956 477 2007 quid
499 1956 574 1995 scis
596 1969 658 1994 me
680 1955 818 1994 fecisse
839 1954 979 1993 inscite
999 1962 1066 1993 aut
1087 1953 1264 2005 inprobe,
1629 1963 1672 2000 95

330 2022 360 2061 si
383 2021 422 2061 id
443 2036 524 2061 non
546 2036 609 2061 me
629 2035 803 2069 accusas,
828 2029 911 2059 tute
933 2021 1015 2071 ipse
1036 2019 1306 2070 obiurgandus
1326 2034 1378 2060 es.

323 2134 358 2162 71
387 2128 458 2154 tute
470 2123 550 2154 mihi
568 2123 669 2154 ineP
801 2133 839 2163 72
863 2122 930 2154 anii
946 2122 1055 2162 queP
1179 2125 1234 2160 72⁸
1260 2119 1371 2152 om.A
1502 2129 1552 2159 73,
1575 2131 1611 2159 74

276 2168 344 2200 scel.
364 2167 489 2198 Ritsclzl
636 2179 674 2208 74
700 2178 819 2198 seruos
836 2167 867 2197 A
1018 2176 1056 2205 75
1082 2164 1235 2196 incultics
1251 2164 1284 2194 A
1419 2173 1460 2203 79
1484 2174 1566 2203 apse
1584 2164 1617 2194 P

279 2212 433 2250 <antiqua
457 2212 707 2253 orthographim
843 2212 884 2250 85
909 2210 974 2250 Qui
1000 2210 1147 2249 Scaliger
1290 2209 1330 2247 87
1355 2208 1435 2247 quid
1461 2213 1494 2237 tu
1521 2209 1553 2238 id
1577 2207 1610 2237 A

277 2256 319 2285 88
343 2256 430 2286 scire
457 2257 556 2296 cupio
583 2256 743 2296 quicquid
771 2260 823 2286 est
850 2254 882 2285 P
1010 2254 1054 2293 89
1077 2253 1149 2294 aut]
1177 2259 1211 2284 ut
1238 2252 1270 2282 A
1421 2261 1458 2290 91
1487 2252 1613 2282 amicos

279 2310 354 2329 esse
379 2299 412 2329 A
547 2310 589 2338 92
614 2311 746 2339 nequeo
774 2298 967 2330 Aa'dalt'us:
1006 2308 1094 2337 queo
1119 2298 1167 2327 A:
1192 2307 1260 2327 non
1290 2306 1427 2336 possum
1454 2294 1487 2325 Ρ
1510 2306 1554 2327 tv.
1581 2298 1613 2327 xi

279 2353 323 2382 93
349 2349 512 2382 peruenat
538 2343 572 2374 P
715 2355 756 2383 94
784 2343 862 2373 milii
893 2353 930 2372 es
955 2342 1057 2372 certis
1077 2341 1121 2376 A,
1147 2341 1222 2377 sort
1253 2345 1327 2371 recta
1482 2341 1609 2379 96-171

282 2387 383 2426 defici!
394 2388 426 2417 A
548 2389 592 2426 96
615 2389 713 2419 troch.
730 2387 948 2428 seplmart'mn
966 2384 1087 2415 cxln'bet
1101 2385 1177 2417 cod..
1194 2387 1222 2415 si
1241 2385 1272 2415 id
1292 2395 1344 2414 me
1363 2395 1428 2414 non
1441 2387 1533 2415 accii.
1551 2390 1572 2414 t.
1594 2383 1614 2414 i.

283 2431 513 2469 obiurgandus
531 2434 576 2462 ἐς.
607 2431 672 2462 ΜΕ.
701 2433 772 2462 scio
791 2443 798 2462 :
823 2431 850 2461 si
868 2431 898 2460 id
920 2434 986 2459 noir
1006 2439 1058 2459 ine
1078 2429 1189 2467 (lesse)
1211 2438 1279 2460 acc.
1303 2431 1348 2459 tu.
1372 2428 1614 2467 obiurgandu's

285 2475 358 2515 (dcl.
385 2477 482 2515 ipsc).
510 2475 575 2507 ME.
605 2476 677 2506 scio
701 2475 804 2506 Bothe
893 2474 948 2504 vix
965 2478 1060 2512 rupte
1078 2483 1109 2503 o.
