1747 2740
183 134 253 171 IV.

199 389 258 424 135

201 849 264 882 140

204 1374 263 1408 145

211 1896 271 1929 150

276 132 306 170 ii
699 131 746 168 T.
780 129 961 168 MACCI
994 129 1198 166 PLAVTI

281 253 491 295 postquam
506 258 579 295 ego
597 257 660 282 me
672 256 811 281 aurum
829 244 926 281 ferre
942 241 1033 289 dixi,
1050 248 1139 291 post
1153 248 1195 279 tu
1212 241 1348 279 factu’s
1363 238 1596 280 Charmides
1605 254 1615 288 ;
1633 250 1700 288 975

281 309 377 361 priu'
399 317 440 348 tu
461 324 542 348 non
564 323 647 348 eras
669 322 788 359 quam
809 307 892 346 auri
913 306 987 346 feci
1010 306 1265 345 mentionem.
1325 305 1423 343 nihil
1442 304 1549 355 agis3

280 375 393 427 proin
415 383 456 414 tu
478 383 527 422 te,
550 374 687 413 itidem
709 381 751 412 ut
771 373 1039 412 charmidatus
1059 386 1112 419 es,
1136 385 1270 410 rusum
1291 370 1546 410 recharmida.

281 442 359 482 (ΣΗ.
396 440 484 492 quis
513 454 587 491 ego
617 453 703 478 sum
735 439 859 489 igitur,
883 438 913 477 si
935 438 1098 489 quidem
1128 437 1159 476 is
1190 438 1271 476 non
1302 450 1390 475 sum
1411 435 1479 487 qui
1499 437 1617 475 sum?

1016 505 1079 543 ΞΥ.
1113 502 1210 553 quid
1231 502 1271 541 id
1292 503 1343 541 ad
1365 516 1428 541 me
1448 502 1618 541 attinet?

280 573 376 611 dum
397 571 461 610 ille
482 584 531 610 ne
548 570 599 609 sis
616 583 736 620 quem
757 582 830 619 ego
847 583 932 608 esse
953 570 1058 616 nolo,
1074 567 1125 607 sis
1147 581 1236 607 mea
1251 569 1390 606 caussa
1405 567 1473 618 qui
1494 567 1613 606 lubet.

280 638 378 689 priu'
399 651 480 676 non
502 637 532 674 is
554 649 638 674 eras
661 636 728 685 qui
749 647 832 673 eras
851 649 857 672 :
889 647 994 672 nunc
1011 633 1042 672 is
1064 634 1201 672 factu's
1222 632 1289 683 qui
1311 640 1395 671 tum
1417 645 1498 672 non
1519 645 1613 671 eras.
1637 631 1706 676 980

282 703 360 744 CH.
396 715 468 753 age
494 701 526 741 si
553 701 650 752 quid
677 700 770 751 agis.
830 701 894 738 Sv.
936 699 1032 749 quid
1062 712 1136 749 ego
1165 699 1309 749 agam?
1365 699 1444 738 (ΣΗ.
1478 711 1617 736 aurum

973 764 1104 802 redde.
1165 765 1228 802 ὃν.
1261 762 1462 809 dormitas,
1486 775 1615 801 senex.

284 834 362 874 CH.
394 833 531 872 fassu’s
559 830 816 872 Charmidem
843 829 1001 869 dedisse
1028 842 1165 868 aurum
1193 828 1274 867 tibi.
1334 830 1397 867 Sv.
1430 828 1619 878 scriptum

1442 893 1617 944 quidem.

284 965 362 1004 (ΣΗ.
394 976 580 1014 properas
599 976 650 1001 an
667 975 749 1001 non
765 973 951 1012 properas
972 959 1026 998 ire
1041 967 1219 998 actutum
1234 959 1286 998 ab
1305 958 1366 998 his
1382 958 1618 1010 regionibuS‚

282 1030 524 1076 dormitator,
549 1028 645 1078 priu’
667 1041 786 1078 quam
808 1039 881 1077 ego
903 1025 966 1064 hic
987 1033 1025 1064 te
1046 1025 1165 1064 iubeo
1186 1024 1348 1063 mulcari
1370 1026 1502 1064 male?

283 1096 347 1134 ΞΥ.
379 1096 500 1145 quam
521 1095 574 1132 ob
595 1095 706 1132 rem?
750 1094 828 1132 CH.
859 1091 951 1143 quia
970 1090 1082 1130 illum
1103 1104 1223 1141 quem
1244 1090 1457 1129 ementitus
1478 1103 1530 1138 es,
1547 1102 1620 1140 ego
1639 1089 1704 1134 985

1145 1170 1234 1195 sum
1255 1155 1363 1207 ipsus
1385 1155 1620 1196 Charmides

284 1239 404 1276 quem
425 1224 497 1263 tibi
518 1224 706 1275 epistulas
726 1222 884 1262 dedisse
910 1221 1055 1261 aiebas.
1116 1222 1180 1261 Sv.
1213 1222 1305 1270 eho,
1325 1235 1484 1272 quaeso,
1507 1235 1558 1260 an
1579 1229 1621 1260 tu

1498 1287 1530 1326 is
1551 1288 1622 1326 es?

286 1359 363 1398 CH.
397 1357 429 1395 is
449 1356 556 1396 enim
577 1369 671 1394 uero
692 1368 790 1393 sum.
851 1355 914 1393 Sv.
947 1352 1012 1392 ain
1033 1360 1074 1391 tu
1095 1353 1288 1391 tandem?
1317 1352 1349 1391 is
1370 1352 1530 1403 ipsusne
1550 1353 1622 1391 es?

1081 1418 1158 1458 (ΣΗ.
1190 1418 1264 1456 aio.
1326 1419 1388 1457 Sv.
1423 1419 1529 1468 ipsus
1550 1419 1622 1456 es?

286 1490 367 1529 CH.
397 1488 516 1539 ipsus,
540 1487 717 1538 inquam,
739 1484 974 1526 Charmides
1003 1497 1101 1523 sum.
1161 1485 1224 1522 ΞΥ.
1257 1497 1349 1534 ergo
1371 1483 1531 1533 ipsusne
1551 1484 1622 1522 es?

1265 1549 1343 1588 (ΣΗ.
1376 1548 1619 1599 ipsissumus.

287 1619 353 1658 abi
373 1619 467 1658 hinc
483 1619 532 1657 ab
549 1617 672 1656 oculis
687 1619 703 1656 ?
742 1618 805 1655 Sx'.
829 1615 935 1655 enim
952 1628 1046 1653 uero
1067 1615 1179 1662 serio,
1195 1614 1385 1665 quoniam
1402 1614 1622 1654 aduenis—

287 1684 493 1735 uapulabis
515 1696 606 1721 meo
625 1682 814 1721 arbitratu
835 1681 872 1719 e't
893 1693 1089 1719 nouorum
1110 1680 1308 1718 aedilium.
1641 1686 1711 1722 990

287 1752 365 1791 (ΣΗ.
397 1757 437 1788 at
457 1749 575 1788 etiam
598 1747 832 1786 maledicis?
885 1748 948 1785 Sx'.
984 1745 1118 1792 immo,
1142 1747 1272 1783 saluos
1293 1745 1622 1796 quandoquidem

1404 1809 1625 1849 aduenis—-

290 1881 330 1921 di
351 1888 389 1920 te
409 1880 585 1931 perdant,
610 1878 641 1917 si
662 1885 700 1917 te
722 1877 836 1916 flocci
858 1876 960 1915 facio
979 1889 1030 1915 an
1051 1875 1232 1926 periisses
1253 1875 1370 1927 prius.

333 1985 399 2024 976
424 1984 512 2014 ieras
525 1994 602 2013 corr.
617 1983 646 2012 is
658 1992 733 2012 eras
747 1985 785 2012 ut
795 1980 856 2012 vid.
872 1979 904 2010 B
918 1992 925 2011 ε
950 1990 1025 2010 eras
1036 1979 1112 2009 PCD
1193 1989 1262 2010 non
1275 1984 1308 2010 tu
1320 1979 1348 2009 is
1359 1989 1436 2010 eras
1447 1978 1627 2011 Hermann

289 2028 417 2059 aurifici
436 2027 505 2058 cod.
646 2037 709 2065 977
735 2025 784 2056 vcl
800 2030 870 2056 tute
960 2023 1178 2055 decharmida
1196 2022 1322 2053 Rr'tscld
1407 2024 1472 2063 978
1487 2023 1577 2063 Quid
1596 2023 1628 2053 B

290 2073 354 2112 983
379 2072 427 2102 ire
452 2070 610 2101 Guietus:
635 2071 727 2101 abire
756 2070 874 2108 (abere
902 2067 947 2101 Β)
976 2067 1056 2106 cod„
1083 2067 1141 2098 sed
1163 2068 1258 2098 abire
1284 2072 1345 2098 act.
1375 2067 1431 2097 vix
1445 2067 1625 2107 serendum

290 2117 354 2156 985
380 2115 573 2146 ementitu's
594 2115 624 2145 is
643 2114 816 2144 Fleckeisen
969 2113 1035 2151 986
1059 2111 1108 2142 vel
1127 2111 1220 2142 aibas
1331 2121 1499 2150 quaescan
1518 2111 1625 2142 tuises

292 2162 394 2199 (quae
410 2162 439 2190 et
451 2162 526 2199 post
541 2160 561 2188 6
578 2158 634 2190 litt.
655 2162 737 2198 spat.
765 2167 802 2188 es
826 2155 915 2186 pem
941 2156 1005 2187 cod.
1038 2156 1077 2193 NC
1086 2161 1147 2196 pro
1164 2155 1211 2194 Ο)
1347 2155 1411 2194 987
1437 2154 1624 2194 isipsusnes

292 2204 326 2243 ip
344 2203 402 2234 Sv.
430 2203 564 2243 ipsuses
589 2202 632 2232 Βι
656 2212 748 2241 gcorr.
774 2199 837 2238 132,
865 2200 1000 2239 quinio,
1020 2200 1100 2240 sort.
1127 2210 1204 2230 corr.
1225 2199 1291 2234 ain,
1318 2197 1446 2229 addidit
1467 2208 1567 2238 neque
1589 2199 1623 2238 ip

292 2247 415 2278 delevit&
434 2258 441 2277 ε
467 2247 494 2277 is
511 2246 605 2285 ipsus
622 2256 658 2276 es
677 2245 808 2285 reliquis
831 2244 961 2274 omissis
985 2242 1058 2273 PCD
1148 2244 1212 2282 988
1238 2244 1375 2282 ipsusne
1393 2241 1447 2283 es]
1462 2242 1555 2282 ipsus
1572 2247 1623 2272 est

293 2290 382 2322 codd.
401 2290 565 2321 Prisciani
578 2301 603 2329 1,
618 2291 659 2328 84
780 2289 845 2328 989
869 2288 990 2318 abhinc
1009 2286 1086 2325 cod„
1105 2289 1202 2318 etiam
1231 2287 1318 2317 codd.
1340 2286 1520 2317 Pn'sa'am':
1546 2286 1622 2316 abin

294 2335 371 2364 hinc
395 2334 528 2365 Gm'etus
639 2344 715 2364 sero
746 2332 943 2363 Gulielmius
1096 2342 1161 2370 990
1186 2331 1362 2372 uapulabis
1392 2329 1623 2361 Camerarius:

294 2378 448 2418 uapulais
466 2382 503 2409 ut
517 2377 581 2409 vid.
601 2377 659 2408 cod
674 2377 818 2417 guapulis
832 2376 880 2406 B:
907 2374 1048 2416 uapulas
1066 2374 1110 2413 D,
1121 2376 1206 2415 sort.
1225 2376 1314 2414 recle}
1445 2383 1510 2413 992
1535 2374 1623 2414 peri-

294 2423 362 2454 isse
380 2421 445 2454 cod.
