<?xml version="1.0" encoding="UTF-8"?>
<!DOCTYPE html PUBLIC "-//W3C//DTD XHTML 1.0 Transitional//EN"
    "http://www.w3.org/TR/xhtml1/DTD/xhtml1-transitional.dtd">
<html xmlns="http://www.w3.org/1999/xhtml" xml:lang="en" lang="en">
 <head>
  <title>
</title>
<meta http-equiv="Content-Type" content="text/html;charset=utf-8" />
  <meta name='ocr-system' content='tesseract 3.04.00' />
  <meta name='ocr-capabilities' content='ocr_page ocr_carea ocr_par ocr_line ocrx_word'/>
</head>
<body>
  <div class='ocr_page' id='page_1' title='image "./comoediaerecogno02plau_0219.png"; bbox 0 0 1747 2740; ppageno 0'>
   <div class='ocr_carea' id='block_1_1' title="bbox 27 164 1493 326">
    <p class='ocr_par' dir='ltr' id='par_1_1' title="bbox 27 164 1493 326">
     <span class='ocr_line' id='line_1_1' title="bbox 631 164 1493 208; baseline 0.006 -6"><span class='ocrx_word' id='word_1_1' title='bbox 631 164 924 203; x_wconf 87' lang='lat' dir='ltr'>POENVLVS</span> <span class='ocrx_word' id='word_1_2' title='bbox 1416 170 1431 206; x_wconf 90' lang='lat' dir='ltr'>I</span> <span class='ocrx_word' id='word_1_3' title='bbox 1467 170 1493 208; x_wconf 81' lang='lat' dir='ltr'>iz·</span> 
     </span>
     <span class='ocr_line' id='line_1_2' title="bbox 27 273 1105 326; baseline 0.001 -12"><span class='ocrx_word' id='word_1_4' title='bbox 27 280 94 315; x_wconf 87' lang='lat'>260</span> <span class='ocrx_word' id='word_1_5' title='bbox 355 273 488 324; x_wconf 83' lang='lat' dir='ltr'>lingua</span> <span class='ocrx_word' id='word_1_6' title='bbox 508 273 599 313; x_wconf 88' lang='lat' dir='ltr'>huic</span> <span class='ocrx_word' id='word_1_7' title='bbox 620 274 778 323; x_wconf 82' lang='lat' dir='ltr'>excidit,</span> <span class='ocrx_word' id='word_1_8' title='bbox 799 283 840 313; x_wconf 90' lang='lat' dir='ltr'>ut</span> <span class='ocrx_word' id='word_1_9' title='bbox 861 288 934 325; x_wconf 85' lang='lat' dir='ltr'>ego</span> <span class='ocrx_word' id='word_1_10' title='bbox 955 275 1105 326; x_wconf 82' lang='lat' dir='ltr'>opinor.</span> 
     </span>
    </p>
   </div>
   <div class='ocr_carea' id='block_1_2' title="bbox 18 371 1503 1278">
    <p class='ocr_par' dir='ltr' id='par_1_2' title="bbox 18 371 1503 1278">
     <span class='ocr_line' id='line_1_3' title="bbox 111 371 1446 426; baseline 0.004 -15"><span class='ocrx_word' id='word_1_11' title='bbox 111 371 208 424; x_wconf 89' lang='lat' dir='ltr'>quid</span> <span class='ocrx_word' id='word_1_12' title='bbox 238 373 312 422; x_wconf 86' lang='lat' dir='ltr'>hic,</span> <span class='ocrx_word' id='word_1_13' title='bbox 347 375 505 421; x_wconf 80' lang='lat' dir='ltr'>malum,</span> <span class='ocrx_word' id='word_1_14' title='bbox 537 381 669 413; x_wconf 78' lang='lat' dir='ltr'>astans</span> <span class='ocrx_word' id='word_1_15' title='bbox 699 374 954 426; x_wconf 84' lang='lat' dir='ltr'>opstipuisti?</span> <span class='ocrx_word' id='word_1_16' title='bbox 1012 379 1085 415; x_wconf 61' lang='lat' dir='ltr'>Aa.</span> <span class='ocrx_word' id='word_1_17' title='bbox 1120 377 1203 416; x_wconf 88' lang='lat' dir='ltr'>sine</span> <span class='ocrx_word' id='word_1_18' title='bbox 1228 391 1368 424; x_wconf 84' lang='lat' dir='ltr'>amem,</span> <span class='ocrx_word' id='word_1_19' title='bbox 1397 392 1446 418; x_wconf 87' lang='lat' dir='ltr'>ne</span> 
     </span>
     <span class='ocr_line' id='line_1_4' title="bbox 1092 443 1442 492; baseline 0 -12"><span class='ocrx_word' id='word_1_20' title='bbox 1092 443 1261 492; x_wconf 84' lang='lat' dir='ltr'>opturba</span> <span class='ocrx_word' id='word_1_21' title='bbox 1280 457 1325 481; x_wconf 87' lang='lat' dir='ltr'>ac</span> <span class='ocrx_word' id='word_1_22' title='bbox 1347 452 1442 484; x_wconf 80' lang='lat' dir='ltr'>tace.</span> 
     </span>
     <span class='ocr_line' id='line_1_5' title="bbox 110 504 1503 559; baseline 0.004 -17"><span class='ocrx_word' id='word_1_23' title='bbox 110 505 183 542; x_wconf 91' lang='lat' dir='ltr'>M1.</span> <span class='ocrx_word' id='word_1_24' title='bbox 216 511 339 543; x_wconf 87' lang='lat' dir='ltr'>taceo.</span> <span class='ocrx_word' id='word_1_25' title='bbox 399 506 474 544; x_wconf 71' lang='lat' dir='ltr'>Ac.</span> <span class='ocrx_word' id='word_1_26' title='bbox 506 504 537 543; x_wconf 89' lang='lat' dir='ltr'>si</span> <span class='ocrx_word' id='word_1_27' title='bbox 559 505 757 553; x_wconf 84' lang='lat' dir='ltr'>tacuisses,</span> <span class='ocrx_word' id='word_1_28' title='bbox 782 505 858 544; x_wconf 89' lang='lat' dir='ltr'>iam</span> <span class='ocrx_word' id='word_1_29' title='bbox 880 506 980 545; x_wconf 85' lang='lat' dir='ltr'>istuc</span> <span class='ocrx_word' id='word_1_30' title='bbox 1004 509 1160 546; x_wconf 87' lang='lat' dir='ltr'>‘taceo’</span> <span class='ocrx_word' id='word_1_31' title='bbox 1181 522 1261 546; x_wconf 91' lang='lat' dir='ltr'>non</span> <span class='ocrx_word' id='word_1_32' title='bbox 1282 517 1443 559; x_wconf 84' lang='lat' dir='ltr'>gnatum</span> <span class='ocrx_word' id='word_1_33' title='bbox 1465 527 1503 557; x_wconf 78' lang='lat'>55</span> 
     </span>
     <span class='ocr_line' id='line_1_6' title="bbox 1333 576 1431 613; baseline 0.02 -2"><span class='ocrx_word' id='word_1_34' title='bbox 1333 576 1431 613; x_wconf 87' lang='lat' dir='ltr'>foret</span> 
     </span>
     <span class='ocr_line' id='line_1_7' title="bbox 107 635 1444 688; baseline 0.003 -15"><span class='ocrx_word' id='word_1_35' title='bbox 107 635 240 673; x_wconf 83' lang='lat' dir='ltr'><strong>ANTE.</strong></span> <span class='ocrx_word' id='word_1_36' title='bbox 273 648 420 683; x_wconf 87' lang='lat' dir='ltr'>eamus,</span> <span class='ocrx_word' id='word_1_37' title='bbox 440 649 527 674; x_wconf 83' lang='lat' dir='ltr'>mea</span> <span class='ocrx_word' id='word_1_38' title='bbox 547 649 666 675; x_wconf 91' lang='lat' dir='ltr'>soror.</span> <span class='ocrx_word' id='word_1_39' title='bbox 726 638 830 675; x_wconf 72' lang='grc' dir='ltr'><strong>ΑΒΕ.</strong></span> <span class='ocrx_word' id='word_1_40' title='bbox 855 638 932 675; x_wconf 92' lang='lat' dir='ltr'>eho</span> <span class='ocrx_word' id='word_1_41' title='bbox 952 638 1108 685; x_wconf 88' lang='lat' dir='ltr'>amabo,</span> <span class='ocrx_word' id='word_1_42' title='bbox 1132 638 1228 688; x_wconf 88' lang='lat' dir='ltr'>quid</span> <span class='ocrx_word' id='word_1_43' title='bbox 1250 639 1316 677; x_wconf 89' lang='lat' dir='ltr'>illo</span> <span class='ocrx_word' id='word_1_44' title='bbox 1338 653 1444 678; x_wconf 83' lang='lat' dir='ltr'>nunc</span> 
     </span>
     <span class='ocr_line' id='line_1_8' title="bbox 862 705 1444 755; baseline 0.005 -15"><span class='ocrx_word' id='word_1_45' title='bbox 862 705 1078 753; x_wconf 85' lang='lat' dir='ltr'>properas?</span> <span class='ocrx_word' id='word_1_46' title='bbox 1134 706 1267 742; x_wconf 69' lang='lat' dir='ltr'><strong>ANTE.</strong></span> <span class='ocrx_word' id='word_1_47' title='bbox 1300 707 1444 755; x_wconf 79' lang='lat' dir='ltr'>rogas?</span> 
     </span>
     <span class='ocr_line' id='line_1_9' title="bbox 106 763 1442 817; baseline 0.004 -14"><span class='ocrx_word' id='word_1_48' title='bbox 106 763 200 815; x_wconf 87' lang='lat' dir='ltr'>quia</span> <span class='ocrx_word' id='word_1_49' title='bbox 229 778 317 804; x_wconf 91' lang='lat' dir='ltr'>erus</span> <span class='ocrx_word' id='word_1_50' title='bbox 347 779 420 805; x_wconf 88' lang='lat' dir='ltr'>nos</span> <span class='ocrx_word' id='word_1_51' title='bbox 440 767 547 817; x_wconf 89' lang='lat' dir='ltr'>apud</span> <span class='ocrx_word' id='word_1_52' title='bbox 567 767 709 806; x_wconf 90' lang='lat' dir='ltr'>aedem</span> <span class='ocrx_word' id='word_1_53' title='bbox 731 767 896 807; x_wconf 86' lang='lat' dir='ltr'>Veneris</span> <span class='ocrx_word' id='word_1_54' title='bbox 927 776 1087 807; x_wconf 81' lang='lat' dir='ltr'>mantat.</span> <span class='ocrx_word' id='word_1_55' title='bbox 1148 771 1252 807; x_wconf 71' lang='grc' dir='ltr'>ΑΒΕ.</span> <span class='ocrx_word' id='word_1_56' title='bbox 1287 779 1442 809; x_wconf 83' lang='lat' dir='ltr'>maneat</span> 
     </span>
     <span class='ocr_line' id='line_1_10' title="bbox 1176 836 1438 884; baseline 0.008 -12"><span class='ocrx_word' id='word_1_57' title='bbox 1176 836 1252 884; x_wconf 93' lang='lat' dir='ltr'>pol.</span> <span class='ocrx_word' id='word_1_58' title='bbox 1313 849 1438 874; x_wconf 86' lang='lat' dir='ltr'>mane.</span> 
     </span>
     <span class='ocr_line' id='line_1_11' title="bbox 18 895 1443 948; baseline 0.004 -14"><span class='ocrx_word' id='word_1_59' title='bbox 18 899 83 945; x_wconf 84' lang='lat'>265</span> <span class='ocrx_word' id='word_1_60' title='bbox 105 895 220 934; x_wconf 82' lang='lat' dir='ltr'>turba</span> <span class='ocrx_word' id='word_1_61' title='bbox 239 904 298 934; x_wconf 91' lang='lat' dir='ltr'>est</span> <span class='ocrx_word' id='word_1_62' title='bbox 319 910 425 936; x_wconf 92' lang='lat' dir='ltr'>nunc</span> <span class='ocrx_word' id='word_1_63' title='bbox 445 899 552 948; x_wconf 83' lang='lat' dir='ltr'>apud</span> <span class='ocrx_word' id='word_1_64' title='bbox 572 911 689 936; x_wconf 86' lang='lat' dir='ltr'>aram.</span> <span class='ocrx_word' id='word_1_65' title='bbox 749 912 799 936; x_wconf 79' lang='lat' dir='ltr'>an</span> <span class='ocrx_word' id='word_1_66' title='bbox 822 906 859 937; x_wconf 89' lang='lat' dir='ltr'>te</span> <span class='ocrx_word' id='word_1_67' title='bbox 881 898 933 937; x_wconf 88' lang='lat' dir='ltr'>ibi</span> <span class='ocrx_word' id='word_1_68' title='bbox 952 899 1011 937; x_wconf 84' lang='lat' dir='ltr'>uis</span> <span class='ocrx_word' id='word_1_69' title='bbox 1029 899 1127 938; x_wconf 91' lang='lat' dir='ltr'>inter</span> <span class='ocrx_word' id='word_1_70' title='bbox 1144 899 1234 938; x_wconf 61' lang='lat' dir='ltr'>istzis</span> <span class='ocrx_word' id='word_1_71' title='bbox 1252 901 1443 940; x_wconf 87' lang='lat' dir='ltr'>uorsarier</span> 
     </span>
     <span class='ocr_line' id='line_1_12' title="bbox 104 962 1081 1014; baseline 0.003 -15"><span class='ocrx_word' id='word_1_72' title='bbox 104 963 304 1011; x_wconf 84' lang='lat' dir='ltr'>prosedas,</span> <span class='ocrx_word' id='word_1_73' title='bbox 327 962 519 1012; x_wconf 90' lang='lat' dir='ltr'>pistorum</span> <span class='ocrx_word' id='word_1_74' title='bbox 540 963 701 1011; x_wconf 87' lang='lat' dir='ltr'>amicas,</span> <span class='ocrx_word' id='word_1_75' title='bbox 721 963 873 1014; x_wconf 85' lang='lat' dir='ltr'>reginas</span> <span class='ocrx_word' id='word_1_76' title='bbox 894 964 1081 1012; x_wconf 82' lang='lat' dir='ltr'>alicarias,</span> 
     </span>
     <span class='ocr_line' id='line_1_13' title="bbox 104 1027 1501 1078; baseline 0.004 -13"><span class='ocrx_word' id='word_1_77' title='bbox 104 1027 265 1066; x_wconf 87' lang='lat' dir='ltr'>miseras</span> <span class='ocrx_word' id='word_1_78' title='bbox 286 1029 463 1067; x_wconf 87' lang='lat' dir='ltr'>schoeno</span> <span class='ocrx_word' id='word_1_79' title='bbox 484 1028 680 1067; x_wconf 86' lang='lat' dir='ltr'>delibutas</span> <span class='ocrx_word' id='word_1_80' title='bbox 702 1029 942 1068; x_wconf 87' lang='lat' dir='ltr'>seruilicolas</span> <span class='ocrx_word' id='word_1_81' title='bbox 964 1030 1152 1078; x_wconf 85' lang='lat' dir='ltr'>sordidas,</span> <span class='ocrx_word' id='word_1_82' title='bbox 1459 1039 1501 1072; x_wconf 92' lang='lat'>60</span> 
     </span>
     <span class='ocr_line' id='line_1_14' title="bbox 103 1092 1438 1145; baseline 0.004 -15"><span class='ocrx_word' id='word_1_83' title='bbox 103 1104 206 1142; x_wconf 90' lang='lat' dir='ltr'>quae</span> <span class='ocrx_word' id='word_1_84' title='bbox 235 1092 306 1131; x_wconf 91' lang='lat' dir='ltr'>tibi</span> <span class='ocrx_word' id='word_1_85' title='bbox 334 1094 443 1132; x_wconf 90' lang='lat' dir='ltr'>olant</span> <span class='ocrx_word' id='word_1_86' title='bbox 471 1093 670 1132; x_wconf 87' lang='lat' dir='ltr'>stabulum</span> <span class='ocrx_word' id='word_1_87' title='bbox 699 1102 934 1145; x_wconf 85' lang='lat' dir='ltr'>statumque,</span> <span class='ocrx_word' id='word_1_88' title='bbox 965 1097 1101 1133; x_wconf 80' lang='lat' dir='ltr'>sellam</span> <span class='ocrx_word' id='word_1_89' title='bbox 1134 1104 1171 1134; x_wconf 87' lang='lat' dir='ltr'>et</span> <span class='ocrx_word' id='word_1_90' title='bbox 1201 1097 1438 1136; x_wconf 79' lang='lat' dir='ltr'>sessibulum</span> 
     </span>
     <span class='ocr_line' id='line_1_15' title="bbox 1274 1177 1438 1211; baseline 0.006 -11"><span class='ocrx_word' id='word_1_91' title='bbox 1274 1177 1438 1211; x_wconf 90' lang='lat' dir='ltr'>merum,</span> 
     </span>
     <span class='ocr_line' id='line_1_16' title="bbox 101 1223 1439 1278; baseline 0.004 -17"><span class='ocrx_word' id='word_1_92' title='bbox 101 1235 199 1273; x_wconf 85' lang='lat' dir='ltr'>quas</span> <span class='ocrx_word' id='word_1_93' title='bbox 223 1224 326 1262; x_wconf 86' lang='lat' dir='ltr'>adeo</span> <span class='ocrx_word' id='word_1_94' title='bbox 351 1225 428 1262; x_wconf 85' lang='lat' dir='ltr'>hau</span> <span class='ocrx_word' id='word_1_95' title='bbox 456 1223 666 1275; x_wconf 88' lang='lat' dir='ltr'>quisquam</span> <span class='ocrx_word' id='word_1_96' title='bbox 694 1238 883 1275; x_wconf 86' lang='lat' dir='ltr'>umquam</span> <span class='ocrx_word' id='word_1_97' title='bbox 906 1225 1004 1264; x_wconf 88' lang='lat' dir='ltr'>liber</span> <span class='ocrx_word' id='word_1_98' title='bbox 1024 1226 1149 1277; x_wconf 84' lang='lat' dir='ltr'>tetigit</span> <span class='ocrx_word' id='word_1_99' title='bbox 1172 1241 1302 1278; x_wconf 84' lang='lat' dir='ltr'>neque</span> <span class='ocrx_word' id='word_1_100' title='bbox 1329 1228 1439 1267; x_wconf 82' lang='lat' dir='ltr'>duxit</span> 
     </span>
    </p>
   </div>
   <div class='ocr_carea' id='block_1_3' title="bbox 13 1294 1436 1388">
    <p class='ocr_par' dir='ltr' id='par_1_3' title="bbox 13 1294 1436 1388">
     <span class='ocr_line' id='line_1_17' title="bbox 665 1294 1422 1332; baseline 0.004 -3"><span class='ocrx_word' id='word_1_101' title='bbox 665 1322 668 1329; x_wconf 90' lang='lat'><em>.</em></span> <span class='ocrx_word' id='word_1_102' title='bbox 1258 1294 1422 1332; x_wconf 87' lang='lat' dir='ltr'>domum</span> 
     </span>
     <span class='ocr_line' id='line_1_18' title="bbox 13 1325 1436 1388; baseline 0.004 -8"><span class='ocrx_word' id='word_1_103' title='bbox 13 1352 82 1388; x_wconf 89' lang='lat'>270</span> <span class='ocrx_word' id='word_1_104' title='bbox 100 1344 344 1381; x_wconf 91' lang='lat' dir='ltr'>seruolorum</span> <span class='ocrx_word' id='word_1_105' title='bbox 366 1343 658 1383; x_wconf 88' lang='lat' dir='ltr'>sordidulorum</span> <span class='ocrx_word' id='word_1_106' title='bbox 681 1353 807 1384; x_wconf 88' lang='lat' dir='ltr'>scorta</span> <span class='ocrx_word' id='word_1_107' title='bbox 829 1344 1077 1384; x_wconf 84' lang='lat' dir='ltr'>diobolaria?</span> <span class='ocrx_word' id='word_1_108' title='bbox 1427 1325 1436 1342; x_wconf 58' lang='lat'><em>⁵</em></span> 
     </span>
    </p>
   </div>
   <div class='ocr_carea' id='block_1_4' title="bbox 11 1407 1496 1791">
    <p class='ocr_par' dir='ltr' id='par_1_4' title="bbox 98 1407 1496 1656">
     <span class='ocr_line' id='line_1_19' title="bbox 100 1407 1408 1462; baseline 0.005 -17"><span class='ocrx_word' id='word_1_109' title='bbox 100 1409 173 1446; x_wconf 91' lang='lat' dir='ltr'>M1.</span> <span class='ocrx_word' id='word_1_110' title='bbox 206 1407 217 1446; x_wconf 90' lang='lat' dir='ltr'>i</span> <span class='ocrx_word' id='word_1_111' title='bbox 238 1408 278 1446; x_wconf 90' lang='lat' dir='ltr'>in</span> <span class='ocrx_word' id='word_1_112' title='bbox 300 1410 445 1447; x_wconf 90' lang='lat' dir='ltr'>malam</span> <span class='ocrx_word' id='word_1_113' title='bbox 466 1422 623 1448; x_wconf 91' lang='lat' dir='ltr'>crucem</span> <span class='ocrx_word' id='word_1_114' title='bbox 644 1413 650 1448; x_wconf 75' lang='grc' dir='ltr'>ἔ</span> <span class='ocrx_word' id='word_1_115' title='bbox 682 1418 750 1448; x_wconf 91' lang='lat' dir='ltr'>tun</span> <span class='ocrx_word' id='word_1_116' title='bbox 771 1411 895 1449; x_wconf 89' lang='lat' dir='ltr'>audes</span> <span class='ocrx_word' id='word_1_117' title='bbox 916 1410 1033 1449; x_wconf 84' lang='lat' dir='ltr'>etiarn</span> <span class='ocrx_word' id='word_1_118' title='bbox 1057 1425 1191 1450; x_wconf 88' lang='lat' dir='ltr'>seruos</span> <span class='ocrx_word' id='word_1_119' title='bbox 1213 1425 1408 1462; x_wconf 86' lang='lat' dir='ltr'>spernere,</span> 
     </span>
     <span class='ocr_line' id='line_1_20' title="bbox 98 1473 1496 1527; baseline 0.004 -16"><span class='ocrx_word' id='word_1_120' title='bbox 98 1473 372 1526; x_wconf 87' lang='lat' dir='ltr'>propudium?</span> <span class='ocrx_word' id='word_1_121' title='bbox 402 1474 513 1524; x_wconf 83' lang='lat' dir='ltr'>quasi</span> <span class='ocrx_word' id='word_1_122' title='bbox 535 1475 637 1514; x_wconf 90' lang='lat' dir='ltr'>bella</span> <span class='ocrx_word' id='word_1_123' title='bbox 658 1475 716 1522; x_wconf 88' lang='lat' dir='ltr'>sit,</span> <span class='ocrx_word' id='word_1_124' title='bbox 741 1475 852 1525; x_wconf 78' lang='lat' dir='ltr'>quasi</span> <span class='ocrx_word' id='word_1_125' title='bbox 874 1489 1033 1526; x_wconf 87' lang='lat' dir='ltr'>eampse</span> <span class='ocrx_word' id='word_1_126' title='bbox 1055 1491 1163 1527; x_wconf 83' lang='lat' dir='ltr'>reges</span> <span class='ocrx_word' id='word_1_127' title='bbox 1185 1479 1391 1527; x_wconf 89' lang='lat' dir='ltr'>ductitent,</span> <span class='ocrx_word' id='word_1_128' title='bbox 1455 1485 1496 1527; x_wconf 86' lang='lat'>65</span> 
     </span>
     <span class='ocr_line' id='line_1_21' title="bbox 98 1539 1183 1590; baseline 0.004 -13"><span class='ocrx_word' id='word_1_129' title='bbox 98 1546 319 1578; x_wconf 87' lang='lat' dir='ltr'>monstrum</span> <span class='ocrx_word' id='word_1_130' title='bbox 342 1539 526 1587; x_wconf 83' lang='lat' dir='ltr'>mulieris,</span> <span class='ocrx_word' id='word_1_131' title='bbox 553 1540 704 1578; x_wconf 85' lang='lat' dir='ltr'>tantilla</span> <span class='ocrx_word' id='word_1_132' title='bbox 726 1549 834 1578; x_wconf 82' lang='lat' dir='ltr'>tanta</span> <span class='ocrx_word' id='word_1_133' title='bbox 858 1542 980 1580; x_wconf 84' lang='lat' dir='ltr'>uerba</span> <span class='ocrx_word' id='word_1_134' title='bbox 1002 1543 1183 1590; x_wconf 85' lang='lat' dir='ltr'>funditat,</span> 
     </span>
     <span class='ocr_line' id='line_1_22' title="bbox 98 1604 1270 1656; baseline 0.003 -13"><span class='ocrx_word' id='word_1_135' title='bbox 98 1604 240 1656; x_wconf 87' lang='lat' dir='ltr'>quoius</span> <span class='ocrx_word' id='word_1_136' title='bbox 262 1618 335 1655; x_wconf 85' lang='lat' dir='ltr'>ego</span> <span class='ocrx_word' id='word_1_137' title='bbox 356 1605 514 1643; x_wconf 85' lang='lat' dir='ltr'>nebulai</span> <span class='ocrx_word' id='word_1_138' title='bbox 536 1607 678 1655; x_wconf 85' lang='lat' dir='ltr'>cyatho</span> <span class='ocrx_word' id='word_1_139' title='bbox 700 1614 851 1656; x_wconf 86' lang='lat' dir='ltr'>septem</span> <span class='ocrx_word' id='word_1_140' title='bbox 874 1615 1010 1646; x_wconf 83' lang='lat' dir='ltr'>noctes</span> <span class='ocrx_word' id='word_1_141' title='bbox 1032 1621 1112 1646; x_wconf 91' lang='lat' dir='ltr'>non</span> <span class='ocrx_word' id='word_1_142' title='bbox 1130 1622 1270 1647; x_wconf 89' lang='lat' dir='ltr'>emam.</span> 
     </span>
    </p>

    <p class='ocr_par' dir='ltr' id='par_1_5' title="bbox 11 1669 1436 1791">
     <span class='ocr_line' id='line_1_23' title="bbox 11 1669 1436 1724; baseline 0.003 -14"><span class='ocrx_word' id='word_1_143' title='bbox 11 1684 76 1721; x_wconf 85' lang='lat'>275</span> <span class='ocrx_word' id='word_1_144' title='bbox 97 1673 173 1708; x_wconf 85' lang='lat' dir='ltr'>AG.</span> <span class='ocrx_word' id='word_1_145' title='bbox 197 1669 236 1708; x_wconf 92' lang='lat' dir='ltr'>di</span> <span class='ocrx_word' id='word_1_146' title='bbox 251 1670 478 1709; x_wconf 83' lang='lat' dir='ltr'>inmortales</span> <span class='ocrx_word' id='word_1_147' title='bbox 491 1671 797 1720; x_wconf 85' lang='lat' dir='ltr'>omnipotentes,</span> <span class='ocrx_word' id='word_1_148' title='bbox 813 1671 909 1721; x_wconf 82' lang='lat' dir='ltr'>quid</span> <span class='ocrx_word' id='word_1_149' title='bbox 924 1681 980 1710; x_wconf 90' lang='lat' dir='ltr'>est</span> <span class='ocrx_word' id='word_1_150' title='bbox 997 1675 1103 1723; x_wconf 88' lang='lat' dir='ltr'>apud</span> <span class='ocrx_word' id='word_1_151' title='bbox 1121 1687 1191 1712; x_wconf 90' lang='lat' dir='ltr'>uos</span> <span class='ocrx_word' id='word_1_152' title='bbox 1206 1675 1436 1724; x_wconf 85' lang='lat' dir='ltr'>pulchrius?</span> 
     </span>
     <span class='ocr_line' id='line_1_24' title="bbox 97 1735 1435 1791; baseline 0.004 -18"><span class='ocrx_word' id='word_1_153' title='bbox 97 1735 194 1785; x_wconf 91' lang='lat' dir='ltr'>quid</span> <span class='ocrx_word' id='word_1_154' title='bbox 216 1735 369 1774; x_wconf 88' lang='lat' dir='ltr'>habetis</span> <span class='ocrx_word' id='word_1_155' title='bbox 390 1735 457 1786; x_wconf 89' lang='lat' dir='ltr'>qui</span> <span class='ocrx_word' id='word_1_156' title='bbox 479 1749 591 1786; x_wconf 81' lang='lat' dir='ltr'>mage</span> <span class='ocrx_word' id='word_1_157' title='bbox 613 1736 829 1775; x_wconf 86' lang='lat' dir='ltr'>inmortalis</span> <span class='ocrx_word' id='word_1_158' title='bbox 852 1750 922 1775; x_wconf 83' lang='lat' dir='ltr'>uos</span> <span class='ocrx_word' id='word_1_159' title='bbox 944 1739 1102 1776; x_wconf 80' lang='lat' dir='ltr'>credam</span> <span class='ocrx_word' id='word_1_160' title='bbox 1119 1753 1204 1778; x_wconf 84' lang='lat' dir='ltr'>esse</span> <span class='ocrx_word' id='word_1_161' title='bbox 1221 1753 1339 1790; x_wconf 85' lang='lat' dir='ltr'>quam</span> <span class='ocrx_word' id='word_1_162' title='bbox 1362 1755 1435 1791; x_wconf 83' lang='lat' dir='ltr'>ego</span> 
     </span>
    </p>
   </div>
   <div class='ocr_carea' id='block_1_5' title="bbox 97 1820 1494 2118">
    <p class='ocr_par' dir='ltr' id='par_1_6' title="bbox 1337 1820 1433 1844">
     <span class='ocr_line' id='line_1_25' title="bbox 1337 1820 1433 1844; baseline 0 0"><span class='ocrx_word' id='word_1_163' title='bbox 1337 1820 1433 1844; x_wconf 79' lang='lat' dir='ltr'>siem</span> 
     </span>
    </p>

    <p class='ocr_par' dir='ltr' id='par_1_7' title="bbox 97 1866 1494 2118">
     <span class='ocr_line' id='line_1_26' title="bbox 97 1866 1494 1920; baseline 0.004 -16"><span class='ocrx_word' id='word_1_164' title='bbox 97 1866 164 1917; x_wconf 91' lang='lat' dir='ltr'>qui</span> <span class='ocrx_word' id='word_1_165' title='bbox 195 1868 293 1906; x_wconf 86' lang='lat' dir='ltr'>haec</span> <span class='ocrx_word' id='word_1_166' title='bbox 318 1874 427 1905; x_wconf 84' lang='lat' dir='ltr'>tanta</span> <span class='ocrx_word' id='word_1_167' title='bbox 453 1867 576 1905; x_wconf 87' lang='lat' dir='ltr'>oculis</span> <span class='ocrx_word' id='word_1_168' title='bbox 608 1868 712 1906; x_wconf 79' lang='lat' dir='ltr'>bona</span> <span class='ocrx_word' id='word_1_169' title='bbox 743 1869 956 1919; x_wconf 85' lang='lat' dir='ltr'>concipio?</span> <span class='ocrx_word' id='word_1_170' title='bbox 988 1883 1078 1908; x_wconf 85' lang='lat' dir='ltr'>nam</span> <span class='ocrx_word' id='word_1_171' title='bbox 1102 1872 1238 1909; x_wconf 78' lang='lat' dir='ltr'>Venus</span> <span class='ocrx_word' id='word_1_172' title='bbox 1266 1885 1347 1909; x_wconf 90' lang='lat' dir='ltr'>non</span> <span class='ocrx_word' id='word_1_173' title='bbox 1375 1881 1432 1911; x_wconf 80' lang='lat' dir='ltr'>est</span> <span class='ocrx_word' id='word_1_174' title='bbox 1456 1887 1494 1920; x_wconf 79' lang='lat'>70</span> 
     </span>
     <span class='ocr_line' id='line_1_27' title="bbox 1269 1939 1433 1976; baseline 0.012 -2"><span class='ocrx_word' id='word_1_175' title='bbox 1269 1939 1405 1975; x_wconf 70' lang='lat' dir='ltr'>Venus</span> <span class='ocrx_word' id='word_1_176' title='bbox 1426 1953 1433 1976; x_wconf 90' lang='lat'>:</span> 
     </span>
     <span class='ocr_line' id='line_1_28' title="bbox 98 1998 1433 2052; baseline 0.004 -16"><span class='ocrx_word' id='word_1_177' title='bbox 98 1999 200 2037; x_wconf 86' lang='lat' dir='ltr'>hanc</span> <span class='ocrx_word' id='word_1_178' title='bbox 238 1998 424 2049; x_wconf 86' lang='lat' dir='ltr'>equidem</span> <span class='ocrx_word' id='word_1_179' title='bbox 458 2000 654 2037; x_wconf 82' lang='lat' dir='ltr'>Venerem</span> <span class='ocrx_word' id='word_1_180' title='bbox 691 2000 910 2039; x_wconf 82' lang='lat' dir='ltr'>uenerabor</span> <span class='ocrx_word' id='word_1_181' title='bbox 949 2014 1012 2040; x_wconf 91' lang='lat' dir='ltr'>me</span> <span class='ocrx_word' id='word_1_182' title='bbox 1052 2009 1093 2039; x_wconf 88' lang='lat' dir='ltr'>ut</span> <span class='ocrx_word' id='word_1_183' title='bbox 1128 2010 1232 2040; x_wconf 86' lang='lat' dir='ltr'>amet</span> <span class='ocrx_word' id='word_1_184' title='bbox 1267 2004 1433 2052; x_wconf 82' lang='lat' dir='ltr'>posthac</span> 
     </span>
     <span class='ocr_line' id='line_1_29' title="bbox 1252 2067 1429 2118; baseline 0.006 -13"><span class='ocrx_word' id='word_1_185' title='bbox 1252 2067 1429 2118; x_wconf 82' lang='lat' dir='ltr'>propitia.</span> 
     </span>
    </p>
   </div>
   <div class='ocr_carea' id='block_1_6' title="bbox 99 2128 1429 2246">
    <p class='ocr_par' dir='ltr' id='par_1_8' title="bbox 99 2128 1429 2246">
     <span class='ocr_line' id='line_1_30' title="bbox 99 2128 1429 2183; baseline 0.004 -16"><span class='ocrx_word' id='word_1_186' title='bbox 99 2128 280 2179; x_wconf 88' lang='lat' dir='ltr'>Milphio,</span> <span class='ocrx_word' id='word_1_187' title='bbox 297 2130 406 2177; x_wconf 92' lang='lat' dir='ltr'>heus,</span> <span class='ocrx_word' id='word_1_188' title='bbox 425 2129 606 2179; x_wconf 78' lang='lat' dir='ltr'>Milphio,</span> <span class='ocrx_word' id='word_1_189' title='bbox 630 2129 695 2168; x_wconf 91' lang='lat' dir='ltr'>ubi</span> <span class='ocrx_word' id='word_1_190' title='bbox 718 2132 788 2169; x_wconf 87' lang='lat' dir='ltr'>es?</span> <span class='ocrx_word' id='word_1_191' title='bbox 844 2132 915 2169; x_wconf 88' lang='lat' dir='ltr'>M1.</span> <span class='ocrx_word' id='word_1_192' title='bbox 939 2144 1070 2170; x_wconf 79' lang='lat' dir='ltr'>assum</span> <span class='ocrx_word' id='word_1_193' title='bbox 1092 2134 1199 2183; x_wconf 85' lang='lat' dir='ltr'>apud</span> <span class='ocrx_word' id='word_1_194' title='bbox 1221 2140 1259 2171; x_wconf 92' lang='lat' dir='ltr'>te</span> <span class='ocrx_word' id='word_1_195' title='bbox 1279 2146 1429 2172; x_wconf 86' lang='lat' dir='ltr'>eccum.</span> 
     </span>
     <span class='ocr_line' id='line_1_31' title="bbox 848 2198 1428 2246; baseline 0.007 -13"><span class='ocrx_word' id='word_1_196' title='bbox 848 2198 923 2234; x_wconf 60' lang='lat' dir='ltr'>Aa.</span> <span class='ocrx_word' id='word_1_197' title='bbox 955 2205 993 2234; x_wconf 81' lang='lat' dir='ltr'>at</span> <span class='ocrx_word' id='word_1_198' title='bbox 1015 2210 1088 2246; x_wconf 83' lang='lat' dir='ltr'>ego</span> <span class='ocrx_word' id='word_1_199' title='bbox 1109 2198 1231 2236; x_wconf 78' lang='lat' dir='ltr'>elixus</span> <span class='ocrx_word' id='word_1_200' title='bbox 1253 2199 1304 2236; x_wconf 86' lang='lat' dir='ltr'>sis</span> <span class='ocrx_word' id='word_1_201' title='bbox 1326 2200 1428 2237; x_wconf 90' lang='lat' dir='ltr'>uolo.</span> 
     </span>
    </p>
   </div>
   <div class='ocr_carea' id='block_1_7' title="bbox 96 2287 1431 2547">
    <p class='ocr_par' dir='ltr' id='par_1_9' title="bbox 96 2287 1431 2547">
     <span class='ocr_line' id='line_1_32' title="bbox 141 2287 1430 2331; baseline 0.005 -13"><span class='ocrx_word' id='word_1_202' title='bbox 141 2288 206 2318; x_wconf 87' lang='lat'>260</span> <span class='ocrx_word' id='word_1_203' title='bbox 237 2288 287 2318; x_wconf 81' lang='lat' dir='ltr'>vel</span> <span class='ocrx_word' id='word_1_204' title='bbox 307 2287 411 2327; x_wconf 92' lang='lat' dir='ltr'>opino</span> <span class='ocrx_word' id='word_1_205' title='bbox 561 2287 619 2318; x_wconf 84' lang='lat'>261</span> <span class='ocrx_word' id='word_1_206' title='bbox 647 2289 838 2329; x_wconf 86' lang='lat' dir='ltr'>opstipuisti</span> <span class='ocrx_word' id='word_1_207' title='bbox 872 2289 1107 2322; x_wconf 66' lang='lat' dir='ltr'>Camerarius:</span> <span class='ocrx_word' id='word_1_208' title='bbox 1146 2293 1330 2331; x_wconf 85' lang='lat' dir='ltr'>opstituisti</span> <span class='ocrx_word' id='word_1_209' title='bbox 1362 2293 1430 2324; x_wconf 90' lang='lat' dir='ltr'>cod.</span> 
     </span>
     <span class='ocr_line' id='line_1_33' title="bbox 96 2331 1431 2374; baseline 0.004 -13"><span class='ocrx_word' id='word_1_210' title='bbox 96 2341 134 2361; x_wconf 89' lang='lat' dir='ltr'>ac</span> <span class='ocrx_word' id='word_1_211' title='bbox 152 2337 226 2362; x_wconf 87' lang='lat' dir='ltr'>tace</span> <span class='ocrx_word' id='word_1_212' title='bbox 245 2331 479 2362; x_wconf 65' lang='lat' dir='ltr'>Camerarius:</span> <span class='ocrx_word' id='word_1_213' title='bbox 504 2336 612 2362; x_wconf 84' lang='lat' dir='ltr'>aetate</span> <span class='ocrx_word' id='word_1_214' title='bbox 630 2332 695 2363; x_wconf 89' lang='lat' dir='ltr'>cod.</span> <span class='ocrx_word' id='word_1_215' title='bbox 833 2334 896 2371; x_wconf 83' lang='lat'>264</span> <span class='ocrx_word' id='word_1_216' title='bbox 923 2339 1048 2364; x_wconf 84' lang='lat' dir='ltr'>mantet</span> <span class='ocrx_word' id='word_1_217' title='bbox 1066 2334 1119 2374; x_wconf 90' lang='lat' dir='ltr'>pol</span> <span class='ocrx_word' id='word_1_218' title='bbox 1138 2334 1267 2366; x_wconf 74' lang='lat' dir='ltr'>thsclzl</span> <span class='ocrx_word' id='word_1_219' title='bbox 1368 2339 1431 2368; x_wconf 87' lang='lat'>266</span> 
     </span>
     <span class='ocr_line' id='line_1_34' title="bbox 98 2374 1425 2416; baseline 0.005 -11"><span class='ocrx_word' id='word_1_220' title='bbox 98 2375 232 2414; x_wconf 84' lang='lat' dir='ltr'>reginas</span> <span class='ocrx_word' id='word_1_221' title='bbox 257 2374 327 2415; x_wconf 70' lang='lat' dir='ltr'>(T)</span> <span class='ocrx_word' id='word_1_222' title='bbox 353 2375 403 2405; x_wconf 78' lang='lat' dir='ltr'>val</span> <span class='ocrx_word' id='word_1_223' title='bbox 425 2374 582 2414; x_wconf 86' lang='lat' dir='ltr'>reliquias</span> <span class='ocrx_word' id='word_1_224' title='bbox 608 2374 713 2416; x_wconf 66' lang='lat' dir='ltr'>(PBG)</span> <span class='ocrx_word' id='word_1_225' title='bbox 737 2376 802 2407; x_wconf 88' lang='lat' dir='ltr'>cod.</span> <span class='ocrx_word' id='word_1_226' title='bbox 929 2379 991 2416; x_wconf 79' lang='lat'>267</span> <span class='ocrx_word' id='word_1_227' title='bbox 1016 2378 1236 2410; x_wconf 86' lang='lat' dir='ltr'>seruulicolas</span> <span class='ocrx_word' id='word_1_228' title='bbox 1256 2380 1425 2415; x_wconf 75' lang='lat' dir='ltr'>G›··1‹te›1‹s</span> 
     </span>
     <span class='ocr_line' id='line_1_35' title="bbox 96 2417 1428 2462; baseline 0.005 -14"><span class='ocrx_word' id='word_1_229' title='bbox 96 2417 203 2458; x_wconf 79' lang='lat' dir='ltr'>sedes.</span> <span class='ocrx_word' id='word_1_230' title='bbox 223 2418 363 2449; x_wconf 79' lang='lat' dir='ltr'>Skutsch</span> <span class='ocrx_word' id='word_1_231' title='bbox 384 2418 513 2456; x_wconf 76' lang='lat' dir='ltr'>Jahrb.</span> <span class='ocrx_word' id='word_1_232' title='bbox 542 2418 644 2450; x_wconf 84' lang='lat' dir='ltr'>Class.</span> <span class='ocrx_word' id='word_1_233' title='bbox 671 2419 788 2451; x_wconf 76' lang='lat' dir='ltr'>Pln&#39;lol.</span> <span class='ocrx_word' id='word_1_234' title='bbox 814 2420 918 2460; x_wconf 80' lang='lat' dir='ltr'>suppl.</span> <span class='ocrx_word' id='word_1_235' title='bbox 948 2431 998 2460; x_wconf 82' lang='lat'>27,</span> <span class='ocrx_word' id='word_1_236' title='bbox 1023 2428 1096 2461; x_wconf 62' lang='lat' dir='ltr'>logi</span> <span class='ocrx_word' id='word_1_237' title='bbox 1216 2434 1279 2462; x_wconf 82' lang='lat'>270</span> <span class='ocrx_word' id='word_1_238' title='bbox 1304 2425 1428 2456; x_wconf 87' lang='lat' dir='ltr'>duobo-</span> 
     </span>
     <span class='ocr_line' id='line_1_36' title="bbox 97 2462 1428 2509; baseline 0.002 -17"><span class='ocrx_word' id='word_1_239' title='bbox 97 2462 178 2493; x_wconf 85' lang='lat' dir='ltr'>laria</span> <span class='ocrx_word' id='word_1_240' title='bbox 195 2462 261 2493; x_wconf 83' lang='lat' dir='ltr'>cod.</span> <span class='ocrx_word' id='word_1_241' title='bbox 397 2463 460 2501; x_wconf 85' lang='lat'>278</span> <span class='ocrx_word' id='word_1_242' title='bbox 485 2463 627 2502; x_wconf 86' lang='lat' dir='ltr'>posthac</span> <span class='ocrx_word' id='word_1_243' title='bbox 655 2462 885 2493; x_wconf 30' lang='lat' dir='ltr'>Camer&#39;wmus</span> <span class='ocrx_word' id='word_1_244' title='bbox 914 2464 983 2505; x_wconf 83' lang='lat' dir='ltr'>[ac]</span> <span class='ocrx_word' id='word_1_245' title='bbox 1008 2466 1058 2503; x_wconf 79' lang='lat' dir='ltr'>(at</span> <span class='ocrx_word' id='word_1_246' title='bbox 1084 2466 1170 2507; x_wconf 67' lang='lat' dir='ltr'>pne)</span> <span class='ocrx_word' id='word_1_247' title='bbox 1191 2469 1331 2507; x_wconf 82' lang='lat' dir='ltr'>posthac</span> <span class='ocrx_word' id='word_1_248' title='bbox 1351 2473 1428 2509; x_wconf 74' lang='lat' dir='ltr'>(pos</span> 
     </span>
     <span class='ocr_line' id='line_1_37' title="bbox 98 2505 1028 2547; baseline 0.003 -11"><span class='ocrx_word' id='word_1_249' title='bbox 98 2506 176 2546; x_wconf 80' lang='lat' dir='ltr'>hac)</span> <span class='ocrx_word' id='word_1_250' title='bbox 194 2505 259 2538; x_wconf 78' lang='lat' dir='ltr'>cod.</span> <span class='ocrx_word' id='word_1_251' title='bbox 280 2507 340 2547; x_wconf 77' lang='lat' dir='ltr'>(iv.</span> <span class='ocrx_word' id='word_1_252' title='bbox 358 2508 392 2547; x_wconf 60' lang='grc'>3)</span> <span class='ocrx_word' id='word_1_253' title='bbox 528 2516 592 2547; x_wconf 81' lang='lat'>279</span> <span class='ocrx_word' id='word_1_254' title='bbox 618 2505 758 2547; x_wconf 89' lang='lat' dir='ltr'>Milphio</span> <span class='ocrx_word' id='word_1_255' title='bbox 776 2507 829 2537; x_wconf 82' lang='lat' dir='ltr'>alt.</span> <span class='ocrx_word' id='word_1_256' title='bbox 851 2507 1028 2539; x_wconf 76' lang='lat' dir='ltr'>del.Botl1e</span> 
     </span>
    </p>
   </div>
  </div>
 </body>
</html>
