1747 2740
681 117 973 156 POENVLVS
1446 116 1491 152 V.
1513 114 1542 150 ii

161 233 235 270 AG.
259 233 428 283 agedum
445 232 522 270 huc
538 231 714 270 ostende.
765 238 823 269 est
844 244 912 280 par
932 230 1065 280 probe.
1117 242 1207 266 nam
1225 228 1354 266 habeo
1371 227 1491 266 domi.

55 308 143 344 1050
163 298 243 335 HA.
277 312 300 335 o
322 297 373 335 mi
396 298 551 347 hospes,
575 298 682 334 salue
704 297 871 333 multum
890 298 896 333 1
927 308 1017 333 nam
1041 293 1094 332 mi
1116 295 1194 332 tuo’
1216 300 1324 344 pater
1513 307 1555 337 90

160 361 323 411 patritus
345 365 498 412 †ergo†
519 362 664 411 hospes
686 360 923 398 Antidamas
945 359 1027 397 fuit.

160 428 256 465 haec
279 427 330 465 mi
353 427 555 478 hospitalis
577 427 724 465 tessera
744 440 834 465 cum
857 426 923 464 illo
945 426 1026 464 fuit.

159 494 234 530 Ao.
267 506 358 543 ergo
380 492 443 530 hic
463 493 571 542 apud
593 493 684 530 med
706 491 922 541 hospitium
944 490 1205 542 praebebitur.

159 570 250 595 nam
272 559 350 597 hau
371 557 536 608 repudio
557 557 772 608 hospitium
794 570 923 607 neque
945 556 1236 606 Carthaginem.

52 634 135 670 1055
157 622 238 661 ind’
258 626 344 661 stim
366 623 566 662 oriundus.
630 625 709 661 HA.
743 622 782 661 di
804 624 899 661 dent
920 622 989 660 tibi
1011 635 1150 661 omnes
1171 634 1273 672 quae
1294 620 1391 659 uelis
1409 623 1415 658 1
1509 627 1551 660 95

157 687 253 736 quid
273 687 359 726 ais?
388 688 456 738 qui
477 688 605 738 potuit
627 688 709 726 fieri
732 688 787 726 uti
810 687 1038 737 Carthagini

155 761 296 803 gnatus
317 753 398 791 sis?
428 753 491 792 hic
512 761 643 792 autern
667 753 838 792 habuisti
860 754 1047 790 Aetolum
1069 760 1231 803 patrem.

155 819 230 856 AG.
263 826 466 869 surruptus
488 832 575 857 sum
597 819 704 857 illim.
766 818 829 856 hic
851 832 914 856 me
936 817 1171 856 Antidamas
1193 818 1337 868 hospes
1358 824 1446 854 tuos

155 883 250 921 emit
271 891 309 922 et
330 883 360 922 is
382 897 445 922 me
466 883 540 922 sibi
561 883 767 934 adoptauit
789 883 923 922 filium.

48 953 136 986 1060
158 951 237 987 HA.
273 951 500 988 Demarcho
521 949 614 988 item
637 949 721 1000 ipse
742 949 813 987 fuit
834 949 1109 1000 adoptaticius.
1516 961 1578 984 100

154 1015 224 1052 sed
246 1014 360 1052 mitto
380 1015 430 1052 de
451 1014 552 1061 illoc,
575 1015 626 1052 ad
647 1022 686 1052 te
705 1015 836 1052 redeo.
896 1014 960 1053 dic
981 1014 1089 1061 mihi,

153 1079 299 1129 ecquid
320 1079 535 1118 meministi
555 1087 664 1118 tuom
687 1087 895 1130 parentum
917 1079 1090 1125 nomina,

152 1144 271 1194 patris
312 1152 433 1195 atque
476 1144 638 1182 matris?
712 1147 787 1183 Ao.
831 1144 1004 1183 memini.
1084 1146 1165 1182 HA.
1214 1147 1487 1183 memoradum

1380 1211 1486 1258 mihi,

150 1274 180 1313 si
202 1275 296 1314 noui
318 1277 417 1314 forte
436 1283 504 1314 aut
525 1275 555 1315 si
577 1284 672 1320 sunt,
687 1276 844 1327 cognati
865 1276 972 1315 mihi.

43 1344 127 1388 1065
150 1342 225 1378 AG.
257 1340 496 1391 Ampsigura
516 1350 640 1380 mater
661 1342 757 1380 mihi
778 1342 861 1389 fuit,
886 1344 1014 1381 Iahon
1035 1350 1154 1393 pater.
1511 1354 1570 1388 105

152 1407 231 1443 HA.
265 1414 416 1456 patrem
437 1414 558 1457 atque
578 1415 742 1445 matrem
765 1406 944 1445 uiuerent
966 1408 1109 1445 uellem
1132 1407 1213 1446 tibi.

148 1472 223 1509 AG.
255 1484 307 1509 an
329 1471 473 1509 mortui
494 1474 615 1510 sunt?
673 1474 754 1510 ΗΑ.
788 1473 948 1520 factum,
970 1474 1081 1522 quod
1102 1487 1175 1523 ego
1195 1486 1309 1524 aegre
1330 1473 1411 1512 tuli.

147 1550 239 1575 nam
261 1537 357 1575 mihi
378 1537 538 1576 sobrina
558 1537 796 1589 Ampsigura
816 1546 882 1576 tua
903 1546 1026 1577 mater
1046 1538 1118 1577 fuit
1132 1553 1142 1586 3

146 1609 257 1652 pater
277 1610 377 1650 tuos,
402 1603 432 1641 is
454 1611 534 1641 erat
556 1605 671 1642 frater
691 1604 877 1654 patruelis
898 1617 1021 1651 meus,

40 1676 130 1711 1070
147 1675 184 1705 et
206 1667 236 1706 is
257 1682 321 1707 me
342 1670 530 1708 heredem
551 1669 642 1708 fecit
663 1683 784 1719 quom
807 1683 920 1708 suom
941 1669 1040 1708 obiit
1060 1669 1177 1717 diem,
1507 1680 1568 1703 110

145 1746 226 1782 quo
247 1733 443 1784 priuatum
466 1736 557 1773 med
578 1748 691 1784 aegre
711 1735 838 1784 patior
858 1743 1025 1773 mortuo.

144 1799 215 1837 sed
236 1801 268 1838 si
288 1799 341 1838 ita
362 1808 431 1847 est,
455 1808 496 1838 ut
518 1809 560 1839 tu
580 1800 631 1839 sis
655 1801 817 1839 Iahonis
838 1801 950 1848 filius,

193 1914 276 1944 1049
300 1906 377 1936 huic
397 1906 427 1935 A
505 1917 542 1936 es
559 1906 591 1935 A
671 1907 766 1948 nam]
786 1918 883 1947 qnam
902 1906 1037 1947 Seyffert
1114 1908 1249 1938 domum
1268 1906 1300 1937 P
1400 1918 1484 1947 1050

145 1948 223 1978 mihi
242 1953 318 1979 tuus
337 1960 367 1989 p.
387 1949 438 1980 P:
464 1950 506 1979 mi
529 1960 559 1989 p.
580 1950 612 1979 A
723 1961 801 1990 1051
831 1952 918 1991 patri
936 1957 1013 1982 tuus
1030 1951 1064 1981 P
1078 1954 1114 1981 ul
1130 1951 1193 1982 vid.
1216 1953 1330 1992 (pater
1347 1957 1424 1983 tuus
1440 1952 1482 1990 Β,

144 1996 284 2030 patruus
304 1992 351 2032 C)
453 1994 510 2023 vix
525 2004 637 2033 erego,
663 1995 801 2034 antiqua
815 1996 934 2035 forma
1111 2005 1193 2033 1052
1217 2006 1316 2035 quom
1335 1995 1482 2036 P(an!1'-

144 2036 353 2075 quasorma)
462 2046 542 2076 1053
568 2038 749 2076 hospitium
768 2038 861 2079 [tibi]
879 2037 918 2068 P'
1003 2047 1084 2078 1054
1110 2038 1306 2081 nam<eg0>
1322 2038 1482 2071 Alueller:

143 2089 290 2119 namque
306 2079 482 2111 Acidalius
493 2085 569 2120 post
583 2080 741 2121 Pyladem
833 2083 998 2122 prepudio
1018 2083 1051 2112 P
1192 2094 1274 2122 1055
1301 2084 1390 2114 unde
1406 2083 1480 2115 Ital.

146 2125 230 2162 1056
252 2123 325 2164 qui]
343 2124 424 2163 quid
441 2124 474 2154 A
583 2129 618 2155 ut
634 2125 721 2157 codd.
883 2128 965 2165 1058
990 2127 1046 2158 vt'x
1068 2132 1206 2166 surptus
1231 2127 1365 2165 ssourn.
1395 2126 1480 2158 Pln'l.

144 2167 196 2205 26,
216 2169 294 2206 296)
337 2184 341 2186 -
387 2167 477 2198 illinc
495 2168 582 2200 codd.
675 2169 858 2200 Antidama
877 2170 1014 2200 Mueller
1151 2172 1232 2209 1063
1258 2171 1364 2210 patris
1378 2176 1480 2209 atque

143 2212 260 2241 matris
283 2210 422 2241 memini
439 2211 666 2252 Agorastoclis
681 2212 715 2242 P
823 2215 1076 2245 memorandum
1094 2214 1128 2244 P
1276 2215 1356 2253 1064
1382 2214 1477 2256 noui]

143 2254 237 2284 notio
253 2254 286 2283 A
394 2257 475 2294 1065
501 2255 560 2286 suit
583 2256 664 2286 mihi
683 2257 716 2286 A
825 2259 1015 2296 1066-1103
1040 2258 1125 2288 deest
1149 2258 1182 2288 A
1308 2260 1388 2298 1067
1415 2268 1478 2297 ego

142 2307 209 2328 om.
230 2297 306 2327 ΡΒε
342 2299 387 2330 ἰίἰ.
410 2301 441 2339 1)
589 2310 667 2339 1071
695 2311 748 2331 me
773 2302 941 2342 priuatum
966 2301 1052 2332 coda
1081 2302 1192 2332 traieci
1215 2313 1222 2331 τ
1248 2313 1288 2332 m.
1308 2312 1337 2341 p.
1356 2301 1478 2345 (esse)

145 2340 355 2373 Camerarius
