1747 2740
645 550 884 600 ACTVS
938 551 957 598 I

431 668 761 706 PANEGYRIS
872 668 1173 705 PAMPHILA
1493 669 1555 708 Ι.ἰ

459 769 560 805 ΡΑΝ.
594 768 726 806 Credo
747 780 820 817 ego
841 767 1022 806 miseram

78 837 117 869 1⁹¹
459 831 578 870 fuisse
601 834 854 882 Penelopam,

461 911 580 944 soror,
605 910 677 936 suo
698 911 744 935 ex
764 897 909 944 animo,

77 969 116 1000 2²²
460 976 562 1013 quae
582 969 662 1001 tam
684 962 751 1002 diu
773 962 895 1001 uidua

459 1029 544 1067 uiro
565 1042 638 1067 suo
659 1028 781 1067 caruit
799 1043 809 1076 ;
1492 1040 1511 1073 5

75 1101 116 1141 3⁸
458 1108 550 1133 nam
572 1107 644 1132 nos
665 1094 749 1132 eius
769 1093 947 1132 animum

133 1162 184 1200 de
205 1160 347 1200 nostris
368 1159 479 1199 factis
501 1159 714 1206 noscimus,
738 1172 905 1209 quarum
926 1158 998 1196 uiri
1020 1157 1112 1197 hinc
1133 1158 1288 1209 zipsunt,

93 1243 109 1280 5
131 1240 381 1278 quorumque
402 1239 474 1264 nos
496 1225 663 1276 negotiis
684 1231 906 1275 apsentum,
930 1224 983 1262 ita
1004 1232 1045 1262 ut
1066 1237 1237 1275 aequom
1258 1230 1327 1272 est,

131 1293 320 1332 sollicitae
341 1299 478 1331 noctes
500 1299 538 1331 et
559 1291 655 1339 dies,
679 1303 801 1338 soror,
823 1292 949 1328 sumu'
971 1303 1135 1340 semper.

510 1360 616 1396 ΡΑΜ.
650 1359 829 1395 nostrum
850 1355 1023 1394 officium
1492 1367 1532 1390 ιο

72 1431 113 1470 7³
512 1436 584 1461 nos
606 1423 734 1461 facere
755 1428 964 1471 aequomst

402 1502 533 1539 neque
554 1488 594 1527 id
616 1487 730 1538 magi’
751 1486 917 1526 facimus

73 1564 113 1597 8²²
402 1569 522 1606 quam
543 1568 616 1593 nos
639 1561 774 1592 monet
795 1554 930 1604 pietas.

132 1624 201 1662 sed
223 1622 297 1670 hic,
321 1635 439 1669 soror,
463 1621 702 1660 adsidedum
720 1636 726 1658 :
759 1621 882 1658 multa
903 1620 996 1658 uolo
1016 1625 1148 1658 tecum

71 1698 114 1723 10
454 1686 564 1737 loqui
585 1688 636 1725 de
657 1700 697 1724 re
718 1685 801 1724 uiri.
1490 1695 1527 1728 15

50 1758 111 1788 10a
403 1755 503 1791 ΡΛΝ.
535 1753 708 1798 saluene,
731 1751 906 1789 amabo?

240 1821 344 1857 ΡΑΜ.
377 1832 491 1869 spero
513 1817 677 1868 quidem
699 1824 736 1855 et
758 1817 852 1854 uolo
868 1831 877 1864 3
913 1817 982 1855 sed
1003 1816 1092 1862 hoc,
1115 1828 1234 1862 soror,
1258 1814 1412 1855 crijcior

238 1892 388 1936 patrem
410 1892 520 1922 tuom
543 1895 759 1933 meumque
779 1883 893 1929 adeo,
917 1881 1033 1919 unice
1054 1880 1121 1932 qui
1145 1883 1246 1919 tinus

238 1951 392 1989 ciuibus
413 1963 460 1988 ex
480 1948 667 1988 omnibus
689 1948 836 1999 probus
857 1947 1095 1998 perhibetur,

238 2030 328 2055 eum
351 2029 457 2054 nunc
477 2014 634 2065 inprobi
656 2013 726 2052 uiri
748 2013 879 2052 officio
900 2012 968 2059 uti,
1489 2023 1530 2046 20

66 2090 105 2126 15
291 2081 383 2120 uiris
405 2080 473 2131 qui
494 2087 621 2119 tantas
642 2079 864 2130 apsentibu'
886 2077 1028 2116 nostris

400 2145 491 2185 facit
512 2144 671 2183 iniurias
693 2143 877 2182 inmerito

401 2223 554 2260 nosque
574 2210 625 2248 ab
645 2209 700 2248 eis
721 2209 920 2248 abducere
941 2209 1035 2246 uolt.

347 2279 444 2315 haec
466 2289 525 2314 res
546 2275 650 2313 uitae
672 2288 746 2322 me,
770 2287 889 2321 soror,
912 2278 1098 2319 saturant,

177 2392 196 2421 5
221 2392 406 2421 eorumque
425 2380 571 2420 Seyffert,
593 2379 716 2419 Ussing
805 2384 840 2409 ut
858 2383 908 2408 est
927 2388 1048 2417 aequm
1069 2378 1149 2417 (om.
1176 2378 1237 2418 ita)
1258 2377 1290 2407 P
1377 2377 1398 2408 8
1423 2378 1472 2408 vel

135 2436 230 2466 mage
340 2437 361 2466 9
384 2435 409 2455 s.
428 2425 459 2455 h.
480 2434 553 2455 mea
571 2433 668 2455 soror
685 2423 836 2454 adsidurn
855 2422 885 2452 F
980 2431 1013 2452 11
1042 2422 1199 2461 equidem
1216 2421 1248 2452 A
