1747 2740
680 115 1005 154 PSEVDOLVS
1481 117 1512 154 Ι.
1533 115 1564 153 ii

174 231 346 269 natalem
373 230 479 269 scitis
507 230 560 268 mi
581 243 667 268 esse
688 229 794 268 diem
822 231 953 268 hunc:
984 228 1051 267 ubi
1082 229 1142 267 isti
1175 237 1265 267 sunt
1287 229 1422 279 quibu’
1443 242 1515 267 uos

1284 295 1388 333 oculi
1409 294 1513 341 estis,

88 361 154 396 180
173 360 308 411 quibu’
338 361 453 409 uitae,
486 360 621 412 quibu'
652 360 818 399 deliciae
853 360 956 408 estis,
989 360 1125 411 quibu’
1159 360 1280 408 sauia,
1313 360 1512 407 mammia,

1302 425 1516 465 mellillae?

170 492 416 542 maniplatim
431 492 527 529 mihi
542 491 821 542 munerigeruli
835 491 952 530 facite
965 499 1057 530 ante
1071 492 1181 530 aedis
1195 491 1272 530 iam
1287 492 1352 530 hic
1367 492 1510 530 adsint.

169 571 242 607 qur
273 571 346 607 ego
380 565 544 604 uestem,
577 571 716 595 aurum
751 566 871 607 atque
903 571 949 596 ea
981 557 1125 607 quibus
1161 565 1219 596 est
1254 557 1370 596 uobis
1404 570 1510 604 usus,

978 625 1180 674 praebeo?
1213 621 1316 676 [aut]
1339 623 1436 674 quid
1458 623 1511 661 mi

168 688 279 728 domi
300 688 375 727 nisi
396 691 544 727 malum
562 697 694 728 uostra
707 697 865 740 operast
880 689 1031 728 hodie?
1062 689 1253 740 inprobae
1270 690 1365 728 uino
1387 691 1510 728 modo
1529 700 1574 732 50

1203 755 1373 806 cupidae
1394 755 1486 794 estis
1504 770 1511 793 ε

167 833 216 859 eo
250 834 322 859 uos
357 828 512 859 nostros
546 820 806 871 panticesque
840 821 942 859 adeo
974 821 1260 869 madefactatis‚
1286 835 1408 872 quom
1439 835 1512 872 ego

1191 886 1264 925 sim
1286 886 1351 925 hic
1372 886 1511 925 siccus.

84 990 146 1034 185
167 999 274 1024 nunc
302 987 405 1025 adeo
435 987 512 1024 hoc
542 987 685 1025 factust
714 994 924 1037 optumum
955 994 998 1025 ut
1028 986 1190 1025 nornine
1218 1000 1419 1038 quemque
1448 1002 1513 1039 ap-

1258 1055 1403 1104 pellem
1426 1067 1508 1101 suo,

166 1130 216 1155 ne
229 1116 381 1155 dictum
395 1130 481 1156 esse
493 1124 671 1155 actutum
686 1117 761 1156 sibi
778 1117 989 1168 quaepiam
1011 1125 1232 1157 nostrarum
1256 1119 1352 1156 mihi
1375 1127 1510 1169 neget:

490 1182 688 1221 aduortite
708 1182 887 1221 animum
909 1191 1086 1222 cunctae.

165 1247 370 1299 principio,
389 1248 622 1298 Hedyliurn,
642 1256 774 1303 tecum
795 1262 881 1299 ago,
897 1263 1000 1300 quae
1020 1250 1148 1288 amica
1170 1263 1210 1289 es
1232 1250 1505 1298 frumentariis,
1528 1260 1569 1296 55

166 1313 302 1364 quibu'
322 1314 475 1353 cunctis
497 1322 653 1353 montes
675 1315 849 1353 maxumi
871 1315 1057 1354 frumenti
1077 1316 1207 1354 acerui
1231 1324 1321 1354 sunt
1343 1317 1477 1355 domi:

83 1389 148 1424 190
166 1380 227 1418 fac
248 1379 300 1418 sis
321 1379 370 1418 sit
390 1381 566 1418 delatum
595 1381 672 1419 huc
700 1380 797 1419 mihi
818 1382 1071 1429 frumentum,
1096 1383 1202 1420 hunc
1228 1395 1378 1420 annum
1401 1383 1510 1432 quod

1403 1447 1507 1494 satis,

164 1509 261 1548 mihi
290 1517 329 1549 et
358 1510 529 1550 familiae
565 1511 675 1549 omni
710 1511 758 1550 sit
794 1512 915 1558 meae,
948 1520 1068 1563 atque
1102 1514 1204 1551 adeo
1239 1520 1280 1551 ut
1312 1514 1510 1552 frumento

1348 1581 1504 1627 afluam,

164 1649 207 1680 ut
227 1641 365 1680 ciuitas
386 1655 534 1681 nomen
556 1642 652 1680 mihi
674 1651 894 1681 commutet
916 1657 1060 1694 meque
1081 1652 1122 1682 ut
1144 1644 1344 1694 praedicet

163 1709 308 1748 lenone
328 1723 375 1748 ex
397 1709 577 1748 Ballione
605 1722 735 1759 regem
761 1711 959 1748 Iasonem.
1020 1712 1135 1750 CALI.
1169 1711 1320 1749 audin?
1350 1711 1506 1750 furcifer
1525 1714 1568 1747 60

1146 1774 1264 1828 [quae
1286 1776 1458 1826 loquitur
1471 1775 1503 1830 ?]

216 1839 317 1878 satin
339 1841 585 1890 magnuficus
607 1840 677 1879 tibi
699 1840 886 1879 uidetur?
944 1843 1006 1879 Ps.
1041 1842 1107 1891 pol
1136 1841 1208 1879 iste
1237 1849 1357 1891 atque
1387 1842 1505 1881 etiam

1298 1907 1501 1947 malificus.

210 2003 271 2032 179
293 1993 344 2024 vel
358 1993 444 2024 sciti’
462 1994 544 2025 mihi
662 1997 723 2026 180
747 1995 893 2027 mamilla
906 1996 940 2026 P
957 1997 1034 2037 (pro
1048 1997 1182 2028 mamiia
1194 1997 1218 2027 25
1311 1996 1460 2027 mellitae
1473 1997 1508 2026 Ρ

164 2036 212 2077 (Α
229 2038 352 2077 incert.)
480 2039 540 2069 182
565 2049 645 2079 usus
661 2040 694 2070 A
710 2052 716 2071 :
743 2041 817 2071 usui
835 2040 869 2070 Ρ
959 2041 1142 2081 praehibeo
1160 2041 1226 2071 cod.
1249 2041 1281 2071 (i.
1295 2051 1318 2070 e.
1339 2041 1503 2079 prehibeo

163 2085 201 2111 ut
221 2082 398 2121 prehendo
411 2082 435 2121 3)
543 2088 600 2113 aut
624 2094 689 2116 om.
718 2084 750 2114 P
900 2086 959 2124 183
985 2085 1034 2115 vel
1050 2089 1128 2126 post
1152 2085 1316 2124 inprobae
1341 2084 1504 2124 distingue

166 2126 225 2164 184
250 2125 485 2156 madefactatis
508 2126 596 2157 codd.
622 2127 831 2167 Non1'1'395:
866 2128 1096 2160 madefecistis
1116 2130 1149 2158 A
1168 2141 1173 2159 :
1204 2128 1414 2159 madesacitis
1438 2128 1499 2168 (Β)

161 2169 210 2199 vel
237 2169 434 2200 madefactis
461 2169 563 2199 (pem
590 2170 624 2200 Ρ
731 2173 863 2202 simihic
887 2173 920 2202 A
1060 2174 1120 2211 185
1145 2173 1269 2203 factust
1293 2172 1500 2203 Lambinus:

161 2212 286 2243 factum
311 2218 362 2244 est
380 2213 468 2244 codd.
561 2224 729 2254 quamque
744 2217 880 2247 nornine
897 2216 930 2246 A
1048 2217 1119 2254 186,
1145 2219 1203 2255 187
1230 2217 1396 2247 cohaerent
1411 2216 1497 2247 codd.

166 2257 226 2287 186
249 2267 313 2287 nec
338 2257 371 2287 P
530 2259 590 2288 188
614 2259 789 2299 hedyllum
814 2260 847 2290 Ρ
869 2261 904 2298 (i.
918 2271 941 2292 e.
971 2260 1221 2300 HedyIfflmU:
1255 2261 1439 2300 (edy‘tium
1464 2261 1497 2290 A

161 2300 288 2331 amices
313 2300 348 2331 Ρ
370 2302 445 2341 (pro
471 2304 578 2332 -caesi
718 2305 778 2342 189
801 2305 913 2335 acer-ui
936 2304 1094 2334 frumenti
1121 2304 1154 2334 Ρ
1240 2305 1352 2335 acerui
1378 2305 1498 2345 impro-

161 2343 217 2373 bat
232 2345 430 2385 utglossam
448 2344 622 2375 Acidalius
779 2358 834 2386 191
862 2349 963 2378 etiam
990 2349 1134 2378 familiae
1159 2348 1211 2379 P:
1236 2354 1268 2379 et
1295 2348 1441 2378 malitiae
1464 2348 1497 2377 A

160 2387 210 2418 vel
220 2388 285 2418 siet
401 2399 460 2428 193
481 2400 552 2428 sqq*
565 2390 610 2419 sic
621 2389 702 2430 disp.
717 2391 821 2421 Bothe
835 2392 1187 2423 Lenone--lasonem
1205 2393 1339 2434 (imnb.)
1360 2391 1365 2434 Ι
1385 2391 1498 2422 Audin

161 2430 181 2462 f.
200 2441 287 2470 quae
305 2431 452 2472 loquitur
468 2457 475 2464 .
496 2457 502 2463 .
524 2457 530 2463 .
553 2434 689 2464 uidetur
709 2435 836 2467 (troch)
854 2436 858 2477 1
879 2435 1155 2466 Pol—malificus
1175 2437 1308 2475 (trech.)
1439 2446 1499 2475 193

161 2476 330 2515 exbaliato
349 2486 460 2514 regem
480 2487 596 2515 regem
615 2478 767 2508 iasonem
784 2479 816 2508 A
908 2489 994 2519 quae
1013 2479 1161 2519 loquitur
1176 2490 1242 2510 om.
1261 2481 1293 2509 A
1310 2480 1367 2519 (iv.
1383 2481 1415 2521 1)
