1747 2740
216 160 294 199 111.

248 1195 285 1230 75

245 1521 286 1551 80

314 160 359 198 iii
739 162 786 199 T.
820 162 1000 201 MACCI
1034 162 1237 200 PLAVTI

366 272 452 328 [sed
474 288 594 325 quom
617 274 842 325 opsignatas
863 275 1034 313 attulerit
1056 271 1260 327 epistulas]

363 353 497 379 nonne
518 339 714 378 arbitraris
735 353 824 377 eum
847 341 1144 378 adulescentem
1167 339 1273 377 anuli

363 405 512 456 paterni
535 405 689 455 signum
712 407 861 443 nosse?
918 407 1002 442 ME.
1036 405 1154 443 e‘tiam
1175 412 1216 443 tu
1239 406 1374 443 taces?

363 478 565 509 sescentae
585 472 636 509 ad
658 484 745 509 eain
767 484 848 509 rem
871 484 1032 509 caussae
1053 478 1219 520 possunt
1240 469 1384 520 conligi
1402 486 1409 509 z

362 535 472 574 illum
494 550 611 586 quem
634 536 772 574 habuit
792 535 975 586 perdidit,
1003 534 1138 587 [aliurn
1161 532 1268 587 post]
1291 535 1382 574 fecit
1402 548 1563 575 nouom.

362 600 439 639 iam
462 600 491 639 si
514 601 738 651 opsignatas
761 614 841 639 non
864 602 969 647 feret,
995 601 1071 639 dici
1094 602 1170 639 hoc
1191 608 1335 651 potest,

360 667 466 716 apud
488 666 716 715 portitorem
739 680 803 705 cas
825 666 1038 716 resignatas
1059 665 1132 704 sibi

361 731 639 781 inspectasque
660 745 755 770 esse.
817 731 857 769 in
878 731 1106 769 huiusmodi
1129 731 1288 781 negotio

361 796 467 835 diem
490 809 671 835 sermone
692 804 815 835 terere
836 796 1020 847 segnities
1041 804 1207 835 merast:

361 861 542 911 quamuis
563 875 764 900 sermones
786 870 951 912 possunt
972 861 1078 912 longi
1099 861 1228 900 texier.

320 942 323 945 ·
360 926 425 965 abi
445 928 495 965 ad
517 928 773 965 thensaurum
795 926 871 965 iam
894 926 1102 965 confestim
1124 928 1360 974 clanculum,

359 1005 504 1039 seruos,
527 992 689 1031 ancillas
710 1006 864 1031 amoue.
923 1000 1042 1043 atque
1063 992 1217 1031 audin?
1274 993 1346 1032 CA.
1379 991 1476 1042 quid
1498 993 1587 1032 est?

361 1059 444 1095 ΜΕ.
477 1071 638 1096 uxorem
661 1071 822 1108 quoque
843 1071 1002 1108 eampse
1023 1059 1126 1096 hanc
1146 1071 1226 1096 rem
1250 1057 1304 1096 uti
1327 1059 1430 1096 celes
1451 1058 1547 1105 face,

359 1137 451 1162 nam
472 1125 539 1174 pol
561 1131 689 1163 tacere
710 1137 929 1174 numquam
951 1123 1201 1174 quicquamst
1222 1123 1331 1173 quod
1352 1130 1480 1172 queat.

360 1188 457 1238 quid
478 1203 585 1227 nunc
607 1191 716 1227 stas?
745 1189 840 1239 quin
864 1197 906 1227 tu
927 1188 1020 1227 hinc
1040 1201 1204 1227 amoues
1225 1195 1262 1227 et
1284 1195 1321 1227 te
1343 1189 1512 1226 moues?

357 1253 476 1304 aperi,
499 1255 689 1304 deprome
710 1254 803 1293 inde
823 1253 906 1293 auri
926 1255 977 1293 ad
1000 1255 1101 1292 hanc
1122 1267 1203 1293 rem
1225 1254 1333 1304 quod
1355 1261 1414 1292 sat
1434 1261 1502 1301 est,

358 1319 550 1359 continuo
571 1320 724 1370 operito
746 1322 879 1360 denuo
894 1335 904 1369 3
935 1321 1004 1359 sed
1026 1321 1262 1367 clanculum,

358 1385 459 1425 sicut
480 1386 660 1437 praecepi
678 1401 688 1434 ,-
721 1394 886 1426 cunctos
908 1386 1071 1425 exturba
1092 1386 1268 1425 aedibus.

359 1452 431 1490 CA.
456 1451 508 1489 ita
530 1451 681 1490 faciam.
726 1453 809 1490 ME.
832 1460 871 1490 at
893 1451 999 1490 enirn
1020 1451 1128 1489 nimi'
1149 1453 1268 1502 longo
1284 1464 1466 1491 sermone
1482 1450 1637 1498 utimur,

359 1515 466 1555 diem
488 1516 721 1556 conficimus
742 1518 852 1567 quod
873 1517 951 1556 iarn
973 1525 1218 1568 properatost
1240 1530 1350 1567 opus.

359 1581 456 1620 nihil
477 1590 535 1621 est
557 1584 606 1621 de
628 1582 739 1633 signo
761 1584 870 1633 quod
892 1596 1075 1630 uereare3
1106 1597 1169 1622 me
1190 1582 1306 1622 uide:

357 1647 489 1698 lepida
510 1647 610 1686 illast
631 1661 779 1695 caussa,
803 1656 845 1686 ut
866 1648 1190 1696 commemoraui,
1211 1648 1342 1688 dicere

357 1714 464 1762 apud
485 1712 693 1763 portitores
714 1727 799 1752 esse
822 1715 1028 1764 inspectas.
1088 1713 1262 1764 denique

358 1777 435 1816 diei
458 1786 612 1828 tempus
634 1792 714 1817 non
736 1779 881 1818 uides?
911 1779 1007 1829 quid
1030 1779 1138 1818 illum
1159 1787 1284 1830 putas,

359 1851 496 1881 natura
517 1843 581 1882 illa
601 1852 720 1894 atque
741 1843 932 1894 ingenio?
962 1844 1039 1883 iam
1061 1845 1212 1883 dudum
1235 1843 1392 1883 ebriust.

358 1908 516 1958 quiduis
537 1909 702 1959 probare
724 1909 866 1959 poterit
885 1924 891 1955 ς
922 1917 1017 1957 tum,
1041 1911 1149 1960 quod
1171 1909 1392 1957 maxumist‚

356 1975 517 2020 adferre,
541 1988 620 2013 non
644 1982 775 2024 petere
798 1974 860 2012 hic
882 1989 923 2013 se
944 1975 1058 2013 dicet.
1120 1976 1192 2014 CA.
1225 1974 1301 2013 iam
1323 1982 1381 2014 sat
1403 1982 1471 2014 est.

348 2080 424 2116 788³
449 2080 649 2109 retractatam·
669 2080 798 2110 ascribit
814 2079 948 2112 Rilsclzl.
969 2080 1022 2110 cui
1043 2080 1196 2110 attulerit
1218 2080 1272 2110 vix
1295 2078 1493 2110 Plautinum
1513 2079 1640 2110 videtur

304 2124 367 2162 789
390 2122 483 2162 eum]
501 2128 568 2153 turn
588 2124 692 2153 Bothe
871 2133 934 2162 790
960 2123 1008 2153 vel
1037 2123 1175 2154 nouisse
1352 2133 1414 2163 792
1438 2124 1540 2154 alium
1559 2129 1636 2163 post

302 2166 418 2196 seclusi
434 2166 564 2204 fiJourn.
586 2167 670 2197 Phil.
691 2169 743 2204 26,
762 2168 842 2206 297)
973 2177 1034 2206 794
1061 2168 1244 2206 portitores
1263 2165 1357 2197 Valla
1470 2169 1532 2206 796
1565 2177 1634 2198 ser*

304 2219 435 2240 moncm
454 2216 582 2241 terrere
600 2210 666 2242 cod.
832 2219 838 2226 ·
855 2221 964 2241 versus
973 2211 1121 2249 sortasse
1136 2210 1357 2252 dri‘tograpln'a
1373 2211 1550 2250 sequmtr's'
1570 2210 1634 2241 Leo

305 2254 367 2292 798
391 2254 445 2284 abi
463 2255 504 2285 ad
523 2255 742 2284 thensaurum
763 2253 974 2284 Camerarius
989 2266 995 2284 :
1021 2254 1081 2284 tibi
1099 2255 1240 2285 athenas
1258 2264 1374 2285 aurum
1392 2253 1456 2285 cod.
1567 2254 1634 2285 800

304 2307 464 2328 uoxorem
484 2298 515 2327 B
533 2304 610 2338 (pro
627 2299 722 2338 uch
858 2299 921 2328 802
946 2298 1032 2328 hunc
1050 2308 1079 2328 a.
1099 2297 1174 2328 ΡΠ)
1305 2299 1370 2338 805
1395 2297 1547 2338 precepit
1563 2297 1629 2329 cod.

303 2342 364 2380 807
383 2352 482 2380 quom
499 2342 562 2371 iam
576 2341 750 2372 Fleckct'srn
765 2353 771 2371 :
797 2342 945 2380 quidiam
959 2343 968 2371 ἲ
994 2341 1109 2382 Lange
1176 2342 1240 2372 808
1257 2342 1346 2381 quod
1360 2340 1434 2373 Ital.
1453 2353 1460 2371 z
1485 2351 1552 2381 quo
1563 2341 1628 2372 cod.

303 2386 367 2423 809
392 2390 443 2415 est
461 2385 515 2415 illa
536 2385 605 2423 lille
623 2385 668 2414 Bw
688 2385 752 2415 cod.
770 2396 776 2414 :
804 2386 874 2415 trcn'.
904 2384 993 2422 Rae,
1014 2396 1095 2415 nam
1113 2385 1164 2415 in·
1183 2386 1238 2415 vix
1251 2384 1431 2423 ferendum
1449 2385 1553 2424 :sort
1580 2390 1631 2416 est

302 2438 342 2458 ca
354 2429 406 2467 (ςῇ
420 2428 467 2458 ad
478 2428 565 2458 le.
583 2428 662 2467 219)
753 2429 816 2467 813
842 2428 978 2468 probari
997 2429 1026 2459 ci
1046 2428 1173 2460 Ritsclnl
1259 2434 1487 2459 maxumumst
1505 2427 1631 2458 Mc‘mda

302 2473 363 2510 814
391 2472 468 2502 hinc
489 2471 659 2502 l·'l‹·ck‹‘1'scn

1663 281 1747 324 788¹

1664 418 1733 455 790

1662 743 1727 780 795

1659 1056 1731 1091 800

1660 1389 1727 1434 805

1659 1716 1728 1751 8ιο
