1747 2740
31 527 99 566 540

29 851 92 888 545

28 1181 95 1218 550

29 1507 93 1545 555

609 139 960 178 TRINVMMVS
1400 140 1452 176 ΙΙ.
1475 140 1521 176 iv

172 251 236 290 alii
258 265 300 291 se
318 253 569 303 suspendere.
631 265 693 290 em
716 264 823 289 nunc
845 250 908 288 1116
929 250 1071 300 quoius
1093 257 1151 289 est

172 325 213 355 ut
233 319 284 356 ad
306 317 444 356 incitas
466 319 689 356 redactust!
751 319 823 354 PH.
856 330 979 366 apage
999 330 1021 354 a
1044 330 1106 354 me
1128 316 1245 354 istum
1269 329 1403 366 agrum
1421 318 1428 354 !

170 384 233 422 ST.
267 383 389 432 magis
414 386 422 402 ‘
437 384 581 433 apage'
602 382 721 428 dieas,
746 382 776 419 si
799 382 934 419 onmia
954 381 1013 434 [a]
1037 396 1099 420 1116
1121 382 1332 420 audiueris.

170 462 263 486 nam
280 448 486 498 fulguritae
507 455 598 486 sunt
618 449 792 485 alternae
818 446 823 497 1
849 448 1033 495 arbores3

171 527 260 552 sues
283 513 502 552 moriuntur
521 512 668 563 angina
694 511 698 564 Ι
724 526 926 551 acerrume
943 527 953 560 ;
1478 528 1540 559 140

171 592 267 618 oues
288 579 449 617 scabrae
470 585 572 625 sunt,
597 585 676 616 tam
697 578 865 628 glabrae,
885 591 960 625 em,
984 591 1102 627 quam
1125 579 1260 615 haecst
1282 590 1434 615 manus.

169 652 254 683 tum
273 651 407 683 autem
429 645 628 691 Surorum,
651 645 766 694 genu'
787 644 896 693 quod
919 643 1300 694 patientissumumst

169 709 388 757 hominum,
411 723 531 748 nemo
552 716 675 748 exstat
697 709 764 760 qui
786 709 839 747 ibi
861 722 927 747 sex
949 722 1104 747 menses
1126 708 1263 747 uixerit
1284 723 1290 746 ι

169 775 222 814 ita
242 775 374 814 cuncti
396 775 589 814 solstitiali
611 776 751 814 morbo
772 775 974 813 decidunt.

170 844 245 880 PH.
263 843 382 880 credo
400 855 473 891 ego
489 841 600 889 istuc,
617 840 796 888 Stasime,
816 840 869 878 ita
886 854 994 888 esse3
1023 842 1092 879 sed
1111 841 1312 891 Campans
1328 853 1452 890 genus
1478 856 1535 887 145

170 909 295 946 multo
316 909 505 946 Surorum
527 907 605 945 iam
626 906 769 945 antidit
790 906 988 956 patientia.

169 974 239 1011 sed
260 972 369 1010 iste'st
389 985 480 1022 ager
501 973 689 1022 profecto,
714 979 755 1009 ut
777 978 814 1009 te
835 971 970 1009 audiui
992 970 1112 1020 loqui,

168 1039 293 1076 malos
314 1037 353 1076 in
375 1050 493 1088 quem
516 1036 645 1075 omnis
666 1036 826 1087 publice
847 1035 948 1074 mitti
970 1037 1096 1083 decet,

168 1103 269 1142 sicut
289 1105 578 1142 fortunatorum
600 1109 821 1140 memorant
842 1101 1003 1149 insulas,

168 1181 249 1219 quo
269 1168 403 1206 cuncti
423 1167 491 1218 qui
512 1174 683 1206 aetatem
705 1167 853 1217 egerint
875 1175 981 1205 caste
1002 1181 1114 1205 suam
1477 1182 1540 1213 150

168 1234 410 1273 conueniant
427 1249 437 1282 3
468 1240 605 1272 contra
626 1233 725 1271 istoc
746 1233 903 1271 detrudi
926 1234 1127 1271 maleficos

167 1312 338 1350 aequom
359 1299 526 1345 uidetur,
550 1298 619 1348 qui
640 1298 803 1353 quidem
825 1297 935 1336 istius
957 1297 1005 1336 sit
1028 1298 1147 1337 modi.

167 1365 230 1403 ST.
263 1363 481 1414 hospitium
503 1370 561 1402 est
583 1363 816 1402 calamitatis
834 1378 840 1401 :
871 1363 968 1413 quid
990 1363 1120 1401 uerbis
1143 1364 1293 1414 opust?

169 1431 351 1481 quamuis
373 1431 518 1468 malam
539 1443 621 1468 rern
643 1443 819 1480 quaeras,
843 1429 897 1467 illi
919 1429 1098 1480 reperias.

171 1498 245 1534 PH.
277 1503 317 1534 at
337 1504 378 1535 tu
400 1497 531 1534 hercle
552 1503 591 1534 et
612 1494 666 1533 illi
687 1502 726 1533 et
746 1495 851 1534 alibi.
912 1496 975 1533 ST.
1008 1509 1105 1534 caue
1126 1495 1178 1533 sis
1201 1495 1343 1534 dixeris
1476 1513 1536 1544 155

170 1576 232 1601 me
253 1562 325 1600 tibi
345 1561 489 1601 dixisse
510 1563 598 1600 1106.
660 1563 734 1599 ΡΗ.
767 1560 897 1600 dixisti
919 1575 1063 1600 arcano
1085 1561 1187 1599 satis.

167 1629 231 1666 ST.
263 1627 360 1678 quin
381 1627 611 1678 hicquidem
634 1627 743 1676 cupit
764 1626 874 1664 illum
895 1627 946 1665 ab
968 1641 1008 1665 se
1029 1627 1296 1675 abalienarier,

168 1694 199 1732 si
220 1707 338 1745 quem
360 1693 527 1743 reperire
548 1693 672 1742 possit
694 1692 802 1743 quoii
825 1706 868 1730 05
890 1693 1074 1731 sublimat.

168 1762 242 1798 PH.
277 1761 379 1798 meu'
411 1759 574 1809 quidem
606 1759 736 1797 hercle
772 1772 991 1808 numquam
1025 1760 1101 1798 fiet.
1163 1761 1227 1799 ST.
1261 1759 1292 1798 si
1323 1759 1451 1810 sapies

1273 1824 1448 1875 quidem.

154 1932 218 1970 536
242 1930 351 1961 cuiust
375 1931 440 1968 (z'.e.
458 1931 609 1972 quoiust)
634 1930 722 1962 codd.
749 1931 853 1961 Nonii
878 1941 938 1970 123
1072 1939 1133 1970 537
1160 1930 1293 1969 incitast
1311 1931 1346 1970 (ι’.
1360 1940 1383 1961 e.
1403 1935 1451 1960 -ta

111 1978 163 2011 est
175 1976 202 2015 ἲ)
221 1975 377 2005 redactus
394 1974 427 2004 A
444 1986 451 2005 :
469 1975 590 2005 incitas
619 1975 697 2016 (pro
709 1980 790 2006 -tast
802 1976 829 2012 2)
844 1976 1005 2006 redactus
1022 1973 1055 2004 P
1071 1978 1143 2016 (pro
1161 1976 1281 2009 >1115121,
1299 1987 1305 2005 :
1332 1974 1450 2005 incitas

112 2019 270 2049 redactus
287 2023 338 2049 est
357 2017 444 2050 codd.
472 2017 576 2049 Nonii
662 2019 772 2050 istunc
789 2019 828 2057 P,
849 2019 939 2059 quod
959 2020 1083 2049 invitus
1102 2019 1204 2049 abieci.
1224 2018 1293 2049 vide
1317 2029 1355 2048 ne
1377 2029 1449 2048 con-

101 2061 208 2102 flatae
222 2063 288 2092 sint
303 2062 389 2093 duae
405 2062 549 2093 lectiones
557 2074 610 2103 ap.
631 2064 742 2094 istunc
759 2074 828 2102 agr.
842 2068 869 2093 el
884 2074 937 2103 ap.
956 2074 974 2093 a
993 2074 1045 2093 1116
1064 2063 1164 2093 istum
1181 2072 1250 2102 agr.
1387 2063 1450 2100 538

110 2117 130 2137 a
147 2117 212 2138 om.
231 2106 281 2139 P:
297 2116 340 2137 ex
356 2106 582 2147 Kampmann
599 2107 679 2145 (vox
694 2107 831 2145 usitata)
923 2117 997 2137 mea
1014 2107 1088 2137 PCD
1220 2115 1284 2146 539
1309 2106 1450 2137 alternis

108 2149 269 2192 Spengel:
293 2150 377 2189 fort.
401 2151 553 2182 alternas
571 2151 677 2191 (adv.)
821 2160 886 2190 540
910 2161 1138 2181 macerrumae
1159 2150 1288 2181 Onions
1313 2150 1447 2188 (soum.

111 2193 197 2225 Pln'l.
228 2204 277 2234 14,
311 2194 390 2233 703:
422 2204 616 2225 sacerrume
643 2196 753 2226 Havet
776 2195 869 2229 (Rev.
897 2194 981 2225 Plzil.
1014 2196 1111 2234 1896)
1254 2204 1313 2233 541
1336 2195 1450 2225 haecst

111 2242 316 2278 suspectum:
357 2238 438 2269 haec
471 2243 523 2268 est
554 2238 627 2268 PCD
653 2240 752 2275 (haec
776 2239 822 2273 B,
849 2242 878 2269 el
897 2238 979 2277 fort.
1008 2239 1059 2268 A²
1195 2249 1259 2278 542
1284 2238 1449 2278 pacientis

111 2292 184 2312 sum
217 2291 316 2312 rnunc
341 2282 402 2312 51111
426 2282 459 2312 Ρ
481 2283 557 2316 <sim
586 2288 646 2322 pro
663 2288 715 2322 st;
742 2283 761 2314 i.
789 2293 817 2322 7y
845 2283 879 2323 2)
970 2292 1034 2321 550
1057 2288 1201 2321 egerunt
1227 2288 1395 2313 castesum
1420 2281 1453 2312 P

112 2335 175 2365 552
188 2326 255 2356 sint
268 2326 300 2356 P
430 2335 491 2364 554
508 2326 557 2356 vel
573 2326 640 2358 illic
660 2328 719 2366 (ila
732 2326 840 2363 codd.)
975 2327 1038 2364 556
1063 2327 1146 2357 dixti
1157 2337 1298 2357 arcanos
1310 2331 1401 2356 sates
1414 2325 1447 2356 A

111 2379 173 2408 557
203 2380 325 2409 apsese
344 2369 376 2399 P
505 2371 567 2409 558
591 2371 706 2412 quem]
726 2371 861 2410 quidem
891 2369 921 2400 P
1022 2375 1139 2410 posset
1165 2370 1197 2401 P
1283 2370 1374 2410 quoii
1392 2370 1446 2412 os]

113 2414 207 2444 cuius
224 2413 257 2444 P
383 2423 447 2452 559
471 2424 636 2454 nusquam
649 2414 682 2444 A
