1747 2740
75 697 121 732 90

73 1285 116 1323 95

51 1618 121 1645 100

631 110 1050 150 TRVCVLENTVS
1449 108 1481 149 I.

306 223 640 276 Babyloniensem
663 223 839 263 militem.
901 223 932 262 is
954 237 1062 261 nunc
1084 222 1227 262 dicitur

303 298 493 329 uenturus
514 304 674 341 peregre
690 305 700 338 3
729 304 777 329 eo
798 303 905 328 nunc
927 296 1157 328 commenta
1178 296 1237 327 est
1258 290 1395 328 dolum
1414 303 1421 327 :

302 355 501 407 peperisse
522 355 680 394 simulat
701 369 797 401 sese,
822 363 864 393 ut
885 369 949 393 me
970 355 1151 393 extrudat
1173 355 1275 392 foras
1293 369 1303 402 3

303 435 396 460 eum
417 435 502 460 esse
523 420 681 459 simulat
702 420 868 459 militem
890 434 1013 470 puero
1035 427 1185 470 patrem
1205 434 1214 467 3

301 494 421 537 atque
442 494 484 524 ut
505 500 596 524 cum
614 487 699 525 solo
719 493 993 536 pergraecetur
1015 484 1140 533 militi,

301 555 424 593 †eum
445 552 507 590 isti
528 551 778 603 suppositum
800 565 968 602 puerum
990 555 1120 602 opus†
1142 565 1360 602 pessumae.

303 617 400 656 mihi
422 618 544 657 uerba
563 625 668 656 retur
688 619 782 657 dare
803 619 874 656 se?
905 617 955 656 an
977 631 1041 656 me
1062 616 1216 656 censuit

304 685 431 723 celare
452 697 493 722 se
514 691 681 734 potesse,
705 683 869 734 grauida
892 683 923 721 si
945 684 1074 722 foret?

303 763 395 788 nam
417 762 490 799 ego
512 750 667 787 Lemno
688 748 863 788 aduenio
884 750 1064 787 Athenas
1085 749 1382 792 nudiustertius,

301 816 452 865 legatus
474 828 554 864 quo
576 814 669 852 hinc
690 828 780 852 cum
803 813 967 865 publico
987 813 1154 864 imperio
1174 813 1239 851 fui.

303 881 373 919 sed
394 881 492 918 haec
513 879 678 930 quidem
699 879 797 918 eiius
820 879 1061 929 Astaphium
1084 887 1142 918 est
1162 878 1348 917 ancillula
1364 893 1374 924 ;

302 960 395 985 cum
416 959 462 985 ea
483 959 644 996 quoque
666 945 785 984 etiam
808 944 905 983 mihi
926 944 999 984 fuit
1021 944 1318 984 commercium.

397 1170 739 1207 ASTAPHIVM
854 1169 1225 1206 DiNiAchvs

248 1276 318 1313 As.
348 1275 414 1313 Ad
436 1275 538 1312 fores
559 1274 779 1313 auscultate
800 1280 920 1323 atque
942 1274 1150 1312 adseruate
1170 1272 1291 1320 aedis,

248 1339 389 1390 nequis
408 1341 605 1378 aduentor
624 1338 780 1389 grauior
800 1339 959 1377 abaetat
980 1352 1100 1389 quam
1122 1339 1320 1386 adueniat,

248 1419 337 1453 neu,
360 1404 427 1455 qui
449 1418 589 1443 manus
610 1403 783 1443 attulerit
805 1404 944 1443 sterilis
966 1405 1069 1443 intro
1089 1406 1140 1444 ad
1162 1419 1246 1452 nos,

247 1470 429 1521 grauidas
450 1471 552 1509 foras
573 1477 763 1520 exportet.
824 1469 920 1509 noui
942 1484 1015 1521 ego
1036 1470 1244 1509 hominum
1268 1484 1396 1510 mores
1412 1485 1422 1520 3

249 1536 302 1575 ita
322 1550 429 1575 nunc
449 1537 725 1574 adulescentes
748 1535 889 1574 morati
912 1544 1026 1574 sunt:
1058 1535 1192 1586 quinei
1213 1543 1280 1574 aut

248 1602 357 1641 senei
376 1602 597 1641 adueniunt
618 1603 669 1640 ad
691 1610 820 1639 scorta
841 1615 1104 1652 congerrones
1120 1617 1130 1650 ,-

192 1670 374 1707 consulta
394 1676 484 1707 sunt
506 1668 695 1706 consilia:
726 1670 889 1718 quando
911 1668 1013 1706 intro
1033 1669 1293 1716 aduenerunt,

182 1776 224 1806 86
250 1774 435 1815 Reperisse
452 1773 516 1805 cod.
538 1775 582 1804 *R
604 1780 667 1815 pro
693 1774 735 1805 Px
855 1775 895 1814 87
917 1777 994 1814 post
1016 1773 1058 1803 88
1083 1772 1183 1804 colloc.
1209 1772 1328 1803 Donsa
1440 1774 1480 1813 87

140 1830 215 1851 cum
233 1829 310 1851 esse
327 1819 487 1850 simulant
504 1818 569 1849 cod.
587 1831 592 1850 :
619 1830 697 1849 corr.
715 1818 787 1849 Ital.
862 1828 1003 1858 puerum
1022 1817 1054 1847 Β
1153 1819 1196 1848 88
1223 1828 1367 1856 peregre
1384 1822 1484 1857 getur

139 1863 204 1895 cod.
224 1863 270 1903 (G
282 1868 344 1904 pro
362 1863 403 1897 C}
495 1863 554 1893 88ιι
580 1862 629 1893 Eo
646 1862 722 1894 Ital.
793 1863 915 1903 opinor
932 1861 1108 1898 Dombarf,
1126 1861 1179 1891 cui
1201 1863 1305 1901 ‘opus
1322 1867 1374 1892 est
1392 1862 1482 1892 illam

138 1918 209 1939 rem
222 1908 229 1920 ’
244 1907 391 1943 (Nonius
401 1906 479 1946 4825
498 1906 640 1947 displicet
750 1907 793 1947 89
817 1907 868 1937 vel
889 1916 966 1938 sese
1043 1916 1117 1936 ame
1133 1905 1198 1935 cod.
1214 1907 1239 1943 <2
1253 1910 1312 1943 pro
1328 1909 1414 1944 ame,
1430 1907 1448 1937 ι’.
1456 1917 1479 1937 e.

139 1963 181 1984 an
200 1954 269 1991 me)
361 1961 399 1991 91
421 1951 545 1982 adueni
565 1951 708 1991 Geppert‚
723 1950 897 1981 Mikkelsen
915 1949 1032 1990 (Nord.
1053 1949 1179 1981 Tidskr.
1192 1949 1251 1980 Fil.
1269 1949 1362 1989 1897,
1377 1960 1408 1989 p.
1425 1950 1481 1990 97)

139 2006 182 2036 92
199 2007 264 2036 quo
280 1995 357 2026 hinc
375 1995 499 2026 Bothe:
524 1994 602 2024 hinc
621 1995 710 2034 quod
732 1995 797 2026 cod.
811 1995 863 2035 {cf
884 1994 931 2025 ad
945 1994 1033 2024 Trin.
1047 1994 1127 2033 628)
1257 2003 1299 2033 93
1323 1994 1383 2024 sed
1398 1993 1482 2024 haec

139 2039 261 2080 quibus
280 2046 283 2059 s
296 2039 323 2070 B
338 2044 396 2079 pro
414 2039 459 2078 D)
480 2038 600 2069 melius
618 2040 697 2079 (pro
713 2049 757 2069 —m
777 2040 876 2077 eiius)
897 2043 950 2069 est
967 2049 994 2069 a.
1014 2042 1066 2068 est
1084 2049 1112 2069 a.
1134 2036 1199 2069 cod.
1217 2049 1224 2068 ε
1249 2048 1327 2068 corr.
1348 2036 1484 2078 Seyffert

140 2084 190 2114 vel
203 2083 440 2124 Astaphiumst
585 2092 626 2122 94
651 2093 678 2113 c.
698 2093 737 2113 ea
754 2082 850 2114 Jtak:
877 2093 905 2114 c.
930 2092 1012 2121 ergo
1035 2081 1122 2113 cod.:
1147 2092 1219 2112 eam
1244 2092 1326 2121 erga
1351 2083 1485 2122 Srjffert

140 2129 228 2167 95-ss
261 2127 367 2167 aass‘rt
394 2126 588 2157 Priscianus
620 2126 656 2157 de
685 2131 777 2157 metr.
813 2127 933 2158 Terent.
966 2127 1014 2161 18,
1051 2125 1215 2156 Planlmn
1244 2126 1353 2156 eodem
1379 2129 1482 2156 men-0

141 2183 243 2202 nsmn
260 2182 326 2202 esse
340 2171 446 2201 dicens
460 2181 526 2210 quo
543 2181 625 2201 usus
641 2170 682 2200 sit
703 2171 868 2201 Terentius
893 2171 926 2200 in
953 2169 1089 2200 Andm'a
1111 2171 1171 2205 (iii.
1200 2171 1246 2208 25,
1266 2170 1378 2200 scilice!
1399 2172 1481 2200 ‘iro-

141 2217 247 2246 clmico
264 2216 367 2245 mixto
377 2215 425 2245 vel
440 2215 573 2254 confuso
589 2226 664 2244 cum
681 2215 820 2245 iambico
831 2217 837 2226 ’
929 2224 971 2253 95
996 2214 1177 2244 adseruate
1191 2213 1279 2245 codd.
1296 2213 1461 2244 Prisciani
1475 2225 1481 2243 :

142 2261 306 2290 adseruas
333 2259 398 2290 cod.
536 2260 578 2298 96
603 2259 703 2298 nequi
732 2258 911 2288 Hermann
1020 2258 1117 2288 abeat
1144 2257 1227 2295 PCD,
1257 2257 1344 2289 codd.
1377 2257 1479 2288 Prisc.

141 2314 206 2343 qua
224 2303 256 2333 Β
386 2313 428 2342 97
454 2303 530 2342 quis
548 2302 636 2332 codd.
655 2302 756 2334 Prisc.
891 2303 997 2332 intero
1013 2300 1139 2331 Sclzoell
1257 2302 1300 2341 98
1323 2307 1481 2341 exportet

140 2347 228 2378 codd.
248 2347 351 2378 Prisc.
370 2358 376 2377 :
414 2352 549 2377 exortet
566 2346 631 2377 cod.
771 2357 831 2377 100
855 2345 927 2377 seni
947 2345 1045 2387 Q-nei)
1062 2344 1259 2377 Sclmeider:
1293 2356 1396 2376 senec
1414 2345 1480 2376 cod.

144 2401 200 2422 101
228 2390 372 2422 consilio
389 2390 500 2422 codd:
527 2400 604 2422 corr.
626 2390 838 2422 Camerarius

1505 492 1546 526 70

1506 822 1545 858 75

1505 1167 1536 1206 ii
