1747 2740
761 114 990 156 RVDENS
1468 116 1538 156 IV.
1561 118 1639 155 viii

203 229 270 267 PL.
302 237 341 267 et
362 229 561 280 popularis
585 230 674 268 est?
712 231 788 267 TR.
822 228 955 280 opino.
999 230 1066 267 PL.
1099 236 1138 267 et
1172 236 1342 278 nuptura
1370 236 1427 267 est
1459 228 1542 267 nii?

1241 295 1318 332 TR.
1351 294 1539 344 suspicor.

204 360 270 396 PL.
308 372 455 398 censen
494 358 614 398 hodie
653 359 922 410 despondebit
970 372 1058 398 eam
1099 358 1167 407 mi,
1205 361 1385 409 quaeso?
1463 361 1540 397 ΤΚ.
1565 374 1581 405 5

1384 438 1540 463 censeo.

94 500 184 535 1270
203 491 270 527 PL.
303 489 429 540 quid?
458 489 557 540 patri
579 490 697 529 etiam
719 491 945 541 gratulabor
960 504 1083 541 quom
1105 489 1212 528 illam
1235 489 1416 528 inuenit?
1463 492 1540 528 TR.

1384 569 1540 594 censeo.

202 622 270 658 PL.
302 620 400 671 quid
422 620 536 659 matri
557 621 685 660 eiius?
724 624 801 660 TR.
834 636 989 661 censeo.
1042 624 1109 660 PL.
1144 620 1239 672 quid
1263 635 1354 671 ergo
1375 622 1544 659 censes?

1190 688 1265 724 TR.
1300 687 1408 736 quod
1430 700 1542 736 rogas

200 765 356 790 censeo.
409 754 476 790 PL.
510 752 575 791 dic
596 767 688 803 ergo
709 752 848 803 quanti
869 754 1037 791 censes?
1090 754 1168 790 TR.
1200 753 1355 802 egone?
1384 765 1540 790 censeo.

202 819 270 855 PL.
302 819 446 856 adsum
483 818 682 868 equidem,
720 833 770 857 ne
804 818 1034 857 censionem
1070 831 1226 868 semper
1261 816 1390 856 facias.
1464 819 1542 855 TR.

1385 896 1540 921 censeo.

202 950 270 986 PL.
303 948 400 998 quid
440 948 472 987 si
511 952 695 988 curram?
763 951 838 987 TR.
885 963 1041 987 censeo.
1114 950 1181 986 PL.
1227 962 1277 986 an
1318 947 1373 986 sic
1412 948 1543 998 potius
1566 964 1604 986 10

1030 1015 1218 1066 placide?
1275 1017 1351 1052 ΤΗ.
1384 1028 1540 1054 censeo.

93 1093 181 1131 1275
204 1084 271 1120 PL.
305 1081 477 1121 etiamne
512 1096 600 1121 eam
636 1081 856 1121 adueniens
891 1082 1089 1120 salutem?
1146 1082 1222 1118 TR.
1256 1081 1411 1119 censeo.
1472 1082 1540 1118 PL.

1222 1145 1341 1184 etiam
1363 1147 1544 1196 patrem?

201 1215 277 1252 TR.
309 1227 465 1252 censeo.
526 1216 594 1252 PL.
628 1220 718 1264 post
756 1212 854 1252 eiius
894 1213 1089 1251 matrem?
1146 1213 1222 1249 TR.
1256 1224 1411 1250 censeo.
1474 1213 1541 1250 PL.

1258 1276 1355 1327 quid
1377 1278 1546 1327 postea?

201 1345 374 1384 etiamne
418 1345 638 1384 adueniens
683 1340 925 1395 complectar
970 1343 1054 1382 eius
1094 1344 1275 1394 patrem?
1345 1344 1421 1380 TR.
1463 1356 1545 1380 non

1385 1421 1541 1446 censeo.

201 1479 269 1515 PL.
301 1476 400 1527 quid
439 1477 637 1515 matrem?
693 1478 770 1514 TR.
803 1489 884 1514 non
924 1488 1082 1513 censeo.
1142 1476 1209 1512 PL.
1247 1472 1343 1524 quid
1383 1487 1543 1524 eampse

979 1539 1116 1578 illam?
1173 1541 1249 1577 TR.
1282 1553 1363 1578 non
1385 1552 1541 1578 censeo.

202 1610 270 1646 PL.
303 1607 397 1658 perii
421 1611 426 1646 ἰ
457 1608 647 1647 dilectum
669 1606 828 1646 dimisit.
890 1620 997 1644 nunc
1019 1620 1101 1644 non
1123 1612 1259 1643 censet
1279 1618 1401 1655 quom
1423 1605 1527 1643 uolo.
1567 1618 1604 1650 ¹5

95 1677 184 1710 1280
202 1676 278 1713 TR.
311 1688 430 1713 sanus
451 1689 533 1714 non
554 1689 607 1713 es.
658 1675 965 1725 sequere—PL.
998 1673 1076 1711 duc
1099 1685 1173 1720 me,
1193 1671 1247 1710 mi
1268 1679 1444 1722 patrone,
1464 1684 1544 1720 quo

1366 1736 1541 1775 lubet.—

703 1879 940 1927 ACTVS
990 1879 1034 1925 V

757 1982 987 2018 LABRAX
1562 1969 1646 2008 V.i

257 2068 357 2117 Quis
380 2082 443 2107 me
463 2075 522 2106 est
544 2067 717 2107 mortalis
739 2067 917 2107 miserior
938 2068 1005 2119 qui
1028 2068 1137 2107 uiuat
1157 2069 1253 2106 alter
1274 2065 1406 2113 hodie,

255 2148 375 2186 quem
395 2135 446 2173 ad
467 2142 760 2185 recuperatores
782 2136 905 2174 modo
926 2134 1132 2174 damnauit
1155 2132 1436 2183 Plesidippus?

254 2200 480 2240 abiudicata
499 2214 522 2238 a
543 2214 606 2239 me
628 2202 750 2240 modo
772 2210 830 2240 est
852 2203 1059 2240 Palaestra.
1121 2199 1298 2250 perditus
1321 2211 1419 2236 sum.

254 2279 346 2304 nam
367 2268 531 2304 lenones
552 2280 598 2304 ex
620 2267 779 2306 Gaudio
801 2268 920 2305 credo
941 2280 1026 2305 esse
1047 2273 1282 2316 procreat05‚

249 2373 329 2403 1268
354 2373 477 2412 opinor
493 2372 560 2404 cod.
669 2372 713 2403 mi
732 2377 878 2412 nuptura
896 2376 949 2402 est
964 2370 1038 2401 PCD
1199 2370 1280 2408 1276
1297 2368 1376 2408 quid
1395 2368 1539 2408 postea?

207 2415 415 2447 Tracltaliom'
428 2418 600 2447 continuat
613 2416 751 2457 Scxffert
865 2417 941 2446 1281
971 2414 1160 2445 mortalium
1183 2413 1248 2444 cod.
1267 2425 1272 2444 :
1298 2423 1377 2443 corr.
1396 2411 1538 2450 Bentley,

203 2470 283 2491 nam
303 2461 494 2492 mortalium
514 2461 672 2491 miserior
689 2460 830 2502 displicet
