1747 2740
622 154 1038 194 TRVCVLENTVS
1471 158 1509 194 V

81 278 147 314 955
169 269 317 307 STRAB.
348 275 390 307 tu
410 269 659 319 peregrinu’s,
681 269 745 306 hic
764 270 876 320 (ego)
895 267 1033 307 habito
1051 282 1058 306 :
1096 281 1178 307 non
1199 282 1291 307 cum
1312 282 1410 307 zona
1431 283 1505 320 ego

1316 335 1478 373 ambulo
1497 351 1504 374 :

166 412 292 449 pecua
310 400 362 438 ad
382 401 485 437 hanc
505 401 609 437 collo
630 399 669 436 in
690 398 870 437 crumina
889 412 963 449 ego
983 398 1156 449 obligata
1175 400 1322 438 defero.

166 463 262 514 quid
291 465 408 503 dedi!
438 472 480 502 ut
507 464 673 503 discinxi
703 464 932 504 hominem!
990 466 1138 503 STRAT.
1172 466 1294 503 immo
1316 478 1388 515 ego
1409 479 1503 503 uero
1524 469 1566 510 65

410 566 421 574 ,
1300 530 1367 581 qui
1397 530 1502 570 dedi.

167 596 241 632 PH.
273 596 286 633 1'
305 594 418 643 intro,
439 596 595 643 amabo,
618 596 641 644 i,
664 597 706 635 tri
727 596 802 635 eris
822 610 1006 645 mecum;
1039 594 1160 649 (tum)
1178 604 1220 635 tu
1247 596 1321 635 eris
1349 610 1505 635 mecum

1328 661 1501 712 quidem.

165 727 314 764 STRAT.
345 726 442 776 quid
476 733 516 764 tu
533 728 550 765 ?
590 727 687 777 quid
718 727 805 767 ais?
844 741 936 766 cum
968 727 1087 766 hocin
1120 725 1258 779 <eris>?
1298 741 1372 778 ego
1404 725 1506 779 (ero)

1040 792 1232 842 posterior
1253 791 1358 844 (qui)
1379 792 1471 831 dedi
1489 794 1505 831 Ρ

77 860 147 904 960
168 857 241 894 ΡΗ.
274 863 315 894 tu
337 856 481 895 dedisti
501 856 590 904 iam,
612 855 712 909 (hic)
731 858 935 897 daturust:
965 857 1066 897 istuc
1088 858 1228 904 habeo,
1251 859 1328 895 hoc
1349 865 1501 908 expeto.

166 934 304 960 uerum
325 921 478 972 utrique
500 935 585 960 mos
605 930 760 972 geratur
778 923 987 961 amborum
1009 937 1055 961 ex
1075 922 1281 961 sententia.

166 987 315 1025 STRAT.
345 987 422 1025 fiat.
482 995 524 1025 ut
540 1001 621 1026 rem
637 995 796 1038 gnatam
817 987 947 1036 uideo,
967 989 1044 1027 hoc
1059 987 1378 1038 accipiundumst
1395 989 1503 1038 quod
1526 995 1567 1031 70

1378 1055 1502 1092 datur.

166 1118 313 1156 STRAB.
346 1130 478 1156 meum
499 1116 662 1168 quidem
683 1124 721 1156 te
742 1119 888 1157 lectum
913 1125 1018 1158 certe
1048 1118 1242 1169 occupare
1263 1133 1344 1158 non
1366 1118 1503 1157 sinam.

168 1184 243 1220 PH.
275 1182 407 1232 lepide
427 1190 579 1221 ecastor
597 1183 794 1234 aucupaui
815 1191 934 1234 atque
955 1198 1002 1222 ex
1023 1198 1112 1222 mea
1135 1184 1342 1231 sententia,

79 1254 145 1298 965
168 1261 377 1298 meamque
404 1255 446 1286 ut
472 1262 554 1287 rem
585 1248 704 1288 uideo
734 1249 837 1288 bene
863 1257 1026 1300 gestam,
1049 1257 1223 1289 uostram
1248 1263 1382 1288 rusum
1404 1250 1506 1288 bene

681 1353 685 1359 .
1348 1329 1478 1366 geram
1498 1331 1505 1354 ε

165 1379 380 1420 †romabo†
401 1379 432 1418 si
454 1379 540 1430 quis
560 1379 774 1419 animatust
794 1381 931 1428 facere,
955 1380 1071 1420 faciat
1092 1388 1134 1419 ut
1155 1380 1287 1419 sciam.

165 1444 331 1483 Veneris
351 1457 469 1483 causa
488 1445 718 1496 adplaudite
737 1462 743 1485 :
773 1445 857 1485 eius
879 1447 977 1485 haec
998 1446 1038 1484 in
1059 1447 1218 1485 tutelast
1238 1446 1380 1485 fabula.
1525 1457 1564 1491 75

167 1582 418 1627 spectatores,
442 1576 545 1615 bene
564 1577 704 1624 ualete,
727 1576 904 1627 plaudite
924 1584 1043 1628 atque
1064 1576 1267 1627 exsurgite.

210 1690 273 1721 955
299 1692 362 1720 ego
388 1681 464 1714 add.
491 1682 657 1723 Angelius
747 1693 908 1713 noricum
931 1693 1015 1713 zona
1041 1692 1105 1721 ego
1134 1681 1278 1721 Ussing:
1305 1691 1394 1712 nunc
1414 1692 1507 1714 meos

169 1735 256 1764 nego
273 1730 377 1764 [nunc
395 1736 489 1756 meos
507 1737 575 1757 non
594 1737 657 1765 ego
671 1725 760 1756 PCD)
776 1726 814 1766 P,
830 1726 863 1756 A
879 1738 910 1758 n.
927 1727 946 1758 l.
1037 1728 1102 1766 956
1127 1737 1168 1756 ne
1188 1725 1320 1756 rumina
1337 1736 1402 1765 ego
1416 1726 1503 1758 codd.

166 1769 332 1800 Prisciani
349 1780 374 1803 1,
394 1780 479 1808 270:
503 1781 567 1810 ego
584 1771 617 1801 in
636 1770 788 1801 crumina
812 1770 852 1805 P,
868 1771 901 1800 A
923 1782 952 1801 n.
965 1770 986 1800 l.
1144 1779 1206 1809 957
1232 1769 1376 1799 discinxi
1401 1770 1504 1800 Pius:

168 1812 310 1843 dixtinxi
331 1813 389 1854 (Β)
408 1814 458 1844 vel
471 1813 610 1845 distinxi
638 1814 746 1851 (PCD)
764 1814 805 1851 P,
819 1814 852 1844 A
871 1825 902 1846 n.
918 1815 938 1846 l.
1083 1814 1148 1852 958
1174 1813 1182 1842 i
1208 1811 1361 1844 Merula:
1389 1813 1419 1843 in
1439 1812 1504 1845 cod.

168 1857 238 1893 (vii.
257 1859 293 1895 4)
384 1857 392 1887 i
418 1856 503 1888 Leo:
529 1862 564 1888 et
587 1858 653 1889 cod.
673 1864 746 1898 <pro
763 1859 793 1888 ei
807 1859 830 1899 ἕ)
922 1864 956 1889 tu
977 1859 1058 1898 (om.
1079 1857 1169 1897 PCD)
1196 1867 1302 1895 uergo
1327 1867 1345 1887 a
1375 1867 1504 1888 mecum

168 1904 203 1930 tu
219 1900 283 1932 cod.
303 1912 309 1931 :
333 1911 411 1932 corr.
431 1900 497 1932 Leo
626 1912 692 1941 959
716 1903 783 1933 eris
800 1906 829 1933 et
841 1913 899 1933 ero
916 1902 992 1933 add.
1009 1902 1134 1941 Ussing
1221 1901 1277 1939 qui
1295 1900 1371 1931 add.
1390 1900 1506 1932 Stude-

168 1944 280 1974 mund
364 1945 447 1984 sort.
472 1955 545 1976 cum
571 1945 694 1978 hocin?
720 1956 785 1985 ego
808 1947 998 1985 posterior?
1022 1943 1236 1988 (posterior)
1261 1944 1360 1976 dedi?
1387 1944 1449 1973 ‹vel
1472 1955 1504 1984 p.

167 1986 246 2029 <qui
274 1988 389 2031 prior>
414 1989 507 2029 dedi)
736 1992 801 2030 960
825 1990 879 2020 hic
908 1989 984 2020 add.
1005 1989 1179 2020 Buecheler
1195 1992 1271 2030 post
1298 1987 1506 2018 Lambinum

167 2033 231 2070 962
256 2032 483 2072 cipiundurnst
507 2033 540 2063 Β
648 2044 714 2074 quo
738 2034 804 2064 cod.
978 2036 1042 2072 963
1066 2034 1175 2064 sinem
1199 2032 1265 2063 cod.
1439 2032 1504 2071 964

167 2081 301 2106 ecastor
323 2077 488 2116 aucupaui
514 2082 616 2117 atque
639 2077 726 2108 codd.
745 2078 851 2109 Nonii
863 2079 925 2117 467
943 2090 950 2108 :
974 2082 1142 2108 mecastor
1158 2076 1415 2115 aucupabatque
1438 2075 1504 2107 cod.

166 2120 230 2157 965
255 2120 447 2161 meamque]
475 2131 583 2161 acque
606 2120 680 2151 PCD
779 2127 814 2152 ut
840 2131 912 2152 rem
941 2122 1067 2152 debere
1095 2126 1270 2161 negestam
1298 2120 1389 2151 cod.:
1424 2129 1502 2151 corr.

165 2161 271 2193 Bothe
359 2174 440 2203 gera
461 2164 526 2196 cod.
680 2166 746 2204 966
770 2175 841 2196 rem
870 2165 990 2196 bonam
1015 2163 1209 2196 Buecheler:
1237 2164 1369 2195 Romae
1395 2163 1503 2194 habeo

165 2205 312 2237 Sclioell:
338 2217 454 2238 uerum
471 2210 481 2238 ‹'
490 2208 606 2238 malim
624 2212 721 2248 crgo‘:
741 2209 858 2239 amabo
879 2209 982 2248 stul.)
1013 2208 1226 2239 Canrzeram'ns
1315 2208 1342 2238 si
1368 2208 1445 2246 quid
1473 2217 1502 2238 a.

166 2250 278 2281 facere
308 2250 424 2290 (facire
453 2251 496 2285 Β)
525 2252 642 2283 faciam
667 2252 756 2283 cod.:
789 2264 867 2284 corr.
900 2252 1026 2283 Scltoell
1177 2249 1277 2294 (mc)
1309 2255 1344 2281 ut
1368 2249 1505 2291 Scjffert

165 2295 273 2334 967—8
296 2295 401 2325 exitus
421 2294 540 2336 duplex
561 2296 659 2326 etiam
677 2297 709 2326 in
727 2296 759 2325 A
785 2301 822 2326 ul
845 2296 910 2327 vid.

714 2408 950 2429 FRAGMENTVM

387 2441 436 2480 Cf.
455 2441 502 2471 ad
515 2452 543 2472 v.
565 2451 627 2480 729
