1747 2740
140 153 254 194 III.i
663 154 711 192 T.
743 153 924 193 MACCI
957 153 1162 192 PLAVTI

163 279 219 310 115
243 265 500 303 sacruficant:
531 265 626 302 dant
649 263 742 302 inde
763 271 912 314 partem
937 263 1031 301 mihi
1054 264 1241 302 maiorem
1264 277 1381 315 quam
1405 263 1491 311 sibi,

243 331 449 369 abducunt
488 330 538 368 ad
573 336 661 368 exta
679 344 688 376 3
733 343 795 368 me
833 330 884 367 ad
924 343 964 367 se
1002 330 1052 367 ad
1093 329 1314 379 prandium,
1349 331 1400 368 ad
1439 343 1578 368 cenam

1406 403 1552 433 uocant
1569 408 1580 443 3

244 460 308 499 ille
330 459 604 498 miserrumum
626 472 667 498 se
688 466 792 497 retur
813 459 1022 497 minimum
1043 459 1110 509 qui
1132 459 1236 498 misit
1258 459 1366 498 mihi.

244 526 297 564 illi
320 525 419 563 inter
440 539 481 563 se
502 532 653 563 certant
674 524 801 572 donis,
825 533 982 575 egomet
1003 538 1160 563 mecum
1182 525 1371 564 mussito:

243 593 350 630 bona
372 604 459 629 mea
479 590 645 638 inhiant,
666 604 729 628 me
750 590 927 629 certatim
950 590 1146 629 nutricant
1167 598 1204 629 et
1225 598 1432 629 munerant
1597 605 1663 642 715

163 677 223 700 120
246 659 314 695 ΡΑ.
347 655 455 694 nimi'
486 657 592 695 bona
626 656 777 695 ratione
812 656 1061 707 nimiumque
1090 658 1141 695 ad
1173 664 1212 695 te
1243 665 1281 695 et
1312 665 1420 695 tuam
1452 656 1576 695 uitam

1439 721 1552 761 uides
1570 736 1579 760 :

244 795 283 827 et
303 787 374 827 tibi
396 795 486 827 sunt
507 787 654 838 gemini
675 795 713 826 et
734 787 941 838 trigemini,
965 788 996 826 si
1018 795 1056 826 te
1076 788 1179 826 bene
1200 788 1334 835 habes,
1357 787 1436 826 filii.

244 855 313 892 PE.
346 855 412 904 pol
433 853 465 892 si
486 853 725 901 habuissem,
749 853 831 891 sati'
853 853 1045 904 cepissem
1069 852 1313 891 miseriarum
1334 866 1356 891 e
1376 852 1531 891 liberis:

243 919 435 957 continuo
455 918 696 957 excruciarer
715 918 837 956 animi
857 934 864 957 :
895 918 925 956 si
947 918 982 956 ei
1004 919 1089 956 fort'
1110 917 1246 956 fuisset
1266 917 1396 965 febris,
1597 936 1732 972 719-20

244 995 446 1021 censerem
468 981 590 1020 emori
605 996 615 1029 3
644 981 904 1020 cecidissetue
924 981 1055 1020 ebrius
1075 988 1142 1019 aut
1163 982 1213 1020 de
1233 993 1337 1030 equo
1357 979 1522 1031 uspiam,

162 1062 222 1094 125
246 1055 462 1086 metuerem
484 1060 533 1085 ne
554 1046 608 1085 ibi
629 1046 862 1096 diffregisset
883 1060 994 1085 crura
1013 1053 1081 1085 aut
1101 1045 1274 1085 ceruices
1295 1045 1380 1084 sibi.

247 1114 314 1150 PL.
347 1111 439 1150 huic
460 1111 612 1150 homini
634 1111 799 1161 dignum
821 1119 879 1150 est
899 1111 1057 1150 diuitias
1085 1125 1171 1150 esse
1192 1119 1230 1150 et
1251 1110 1319 1150 diu
1340 1110 1463 1149 uitam
1484 1108 1577 1156 dari,

246 1176 314 1227 qui
335 1184 372 1215 et
393 1190 475 1215 rem
496 1184 625 1215 seruat
646 1184 683 1215 et
705 1190 746 1215 se
768 1177 869 1215 bene
891 1177 1011 1216 habet
1033 1176 1193 1226 suisque
1213 1175 1350 1215 amicis
1371 1175 1457 1214 usui
1479 1183 1547 1214 est.

248 1244 317 1281 PA.
349 1255 374 1281 0
403 1242 580 1293 lepidum
611 1245 754 1293 caput!
813 1242 866 1282 ita
887 1256 950 1282 me
977 1242 1017 1282 di
1045 1244 1225 1293 deaeque
1244 1250 1389 1290 ament,
1411 1254 1582 1292 aequom
1602 1256 1668 1293 725

1511 1306 1583 1345 fuit

247 1375 344 1414 deos
366 1373 564 1424 parauisse
584 1387 665 1412 uno
686 1374 867 1424 exemplo
889 1386 938 1412 ne
959 1386 1098 1412 omnes
1120 1373 1242 1412 uitam
1263 1373 1467 1420 uiuerent;

166 1456 225 1488 130
247 1439 360 1479 sicuti
382 1439 501 1478 me'rci
523 1438 691 1490 pretium
713 1439 847 1477 statuit
869 1438 935 1489 qui
958 1447 1015 1477 est
1038 1439 1185 1488 probus
1206 1451 1492 1489 agoranomus:

246 1518 348 1556 quae
368 1505 528 1554 probast
550 1517 662 1551 mers,
685 1504 854 1554 pretium
876 1503 911 1542 ei
934 1503 1079 1551 statuit,
1104 1516 1175 1554 pro
1200 1503 1344 1542 uirtute
1364 1511 1407 1541 ut
1426 1510 1581 1549 ueneat,

247 1584 348 1621 quae
369 1570 582 1620 inprobast‚
606 1582 676 1619 pro
697 1568 837 1608 mercis
859 1568 956 1607 uitio
979 1568 1187 1608 dominum
1206 1568 1332 1620 pretio
1352 1576 1551 1619 pauperet,

247 1635 385 1674 itidem
407 1635 521 1674 diuos
542 1633 769 1684 dispertisse
790 1634 912 1673 uitam
935 1635 1150 1672 humanam
1171 1647 1341 1685 aequom
1364 1633 1435 1672 fuit
1453 1648 1460 1671 :
1602 1644 1674 1680 730

294 1751 354 1779 711
381 1740 463 1771 dant
483 1744 542 1781 per
561 1738 727 1780 compend.
755 1739 858 1780 script.
886 1740 920 1770 in
945 1740 978 1770 Ρ
1005 1740 1103 1777 <dent
1126 1738 1212 1777 PU),
1241 1739 1303 1770 dus
1326 1738 1373 1777 Β)
1400 1740 1493 1776 (corr.
1518 1735 1585 1777 ΒΞ)

251 1784 414 1816 malorem
432 1783 464 1813 A
601 1793 661 1823 712
678 1783 720 1814 ad
736 1793 773 1814 se
790 1782 850 1823 ad]
874 1784 915 1814 ad
942 1794 979 1815 se
1004 1783 1038 1814 Ρ
1055 1785 1147 1819 (corr.
1168 1783 1232 1824 B')
1325 1787 1426 1814 uocat
1442 1782 1477 1813 Ρ
1491 1784 1583 1823 (corr.

251 1828 316 1868 132)
461 1837 523 1867 714
547 1837 610 1866 ego
638 1832 672 1858 et
693 1838 826 1858 mucum
856 1829 1002 1866 (mecum
1034 1826 1098 1868 ΒΞ)
1132 1826 1166 1858 Ρ
1296 1836 1358 1866 715
1383 1837 1438 1858 me
1461 1837 1527 1857 om.
1555 1825 1589 1857 Ρ

252 1872 423 1903 nutricunt
440 1877 474 1902 et
492 1881 631 1902 munera
648 1871 681 1902 P
697 1873 761 1912 (ra
774 1876 836 1912 pro
854 1875 916 1907 -Γῖι,
936 1873 956 1903 i.
967 1882 991 1903 e.
1013 1877 1111 1909 rant;
1135 1882 1165 1910 v,
1186 1881 1218 1911 p.
1238 1872 1315 1905 1065
1449 1871 1512 1910 716
1528 1875 1586 1900 tua

251 1917 388 1946 multam
417 1915 450 1945 Ρ
473 1916 516 1954 <L
533 1920 595 1955 pro
619 1914 653 1951 I;
677 1926 711 1953 v,
737 1926 769 1954 p.
798 1915 853 1954 76)
957 1915 1061 1946 habes
1087 1915 1145 1946 A:
1170 1914 1261 1955 sapis
1289 1913 1427 1945 Mueller
1450 1913 1583 1954 tRlnein.

252 1959 340 1990 Mus.
369 1969 419 1999 54.
451 1960 542 1998 399),
572 1958 630 1989 sed
650 1958 689 1998 cs.
726 1958 838 1989 Webcr
859 1958 994 1999 (philol.
1020 1969 1072 1998 57,
1095 1959 1175 1998 231)
1310 1968 1369 1998 717
1394 1957 1585 1989 triticemini

252 2003 435 2043 (tricemini
459 2001 521 2039 3²)
546 2002 580 2032 P
677 2003 778 2041 habet
803 2002 870 2040 filia
894 2002 926 2032 A
1073 2003 1135 2041 718
1159 2001 1333 2033 habuisset
1356 2011 1382 2033 s.
1401 2002 1534 2041 cepisse
1558 2000 1590 2031 Ρ

253 2051 345 2085 (corr.
368 2046 427 2084 3²)
492 2056 510 2076 e
527 2056 591 2077 om.
607 2046 640 2077 P
728 2056 801 2085 719,
823 2056 886 2085 720
901 2056 969 2075 om.
988 2045 1021 2075 P
1036 2046 1062 2085 (3
1081 2046 1124 2076 iii.
1147 2046 1201 2086 11)
1263 2045 1312 2077 vcl
1326 2045 1412 2082 sorti,
1430 2046 1486 2076 vix
1500 2045 1585 2076 sorte

254 2100 311 2129 721
338 2091 564 2121 cecidissetne
582 2089 671 2120 AP:
695 2100 772 2121 corr.
788 2089 916 2120 Rt‘tscltl
1001 2090 1114 2129 dequo
1131 2089 1279 2129 suspiam
1296 2088 1329 2119 Ρ
1415 2099 1476 2128 722
1500 2088 1582 2120 desr.

251 2133 339 2165 codd.
415 2134 485 2174 aut]
505 2134 547 2164 ad
564 2133 597 2163 P
685 2143 746 2172 723
770 2134 820 2164 vel
838 2133 900 2164 ΡΑ.
992 2138 1083 2164 esset
1100 2134 1131 2164 d.
1151 2132 1184 2162 Ρ
1199 2134 1290 2172 (corr.
1309 2131 1375 2172 3²)
1459 2133 1540 2163 dare
1556 2131 1590 2163 Ρ

253 2178 331 2218 (pro
348 2178 409 2208 ·rei
422 2179 448 2218 3)
587 2187 648 2215 724
674 2176 726 2217 se]
746 2177 801 2216 qui
823 2176 856 2206 P
942 2177 1014 2207 usui
1031 2177 1098 2218 est]
1118 2177 1196 2207 uule
1215 2175 1248 2206 P
1265 2176 1309 2216 (L
1322 2181 1384 2217 pro
1402 2176 1427 2214 1,
1445 2181 1538 2217 epm
1555 2181 1586 2211 Ε,

253 2222 272 2252 i.
288 2232 311 2252 e.
331 2227 398 2252 esti
510 2231 571 2260 725
595 2221 645 2252 vel
662 2220 724 2251 PL.
814 2221 922 2251 media
939 2230 1066 2259 eaeque
1084 2225 1171 2251 amet
1189 2219 1222 2250 Ρ
1237 2223 1327 2260 (ροντ’.
1347 2218 1413 2259 8²)
1524 2220 1588 2259 726

255 2265 444 2304 parauisset
461 2264 494 2294 Ρ
595 2274 728 2305 ψ]φυηο
746 2263 778 2293 A
930 2274 1037 2303 727—9
1061 2264 1110 2294 vel
1129 2264 1216 2294 sicut
1320 2263 1377 2303 qui
1399 2268 1451 2294 est
1467 2286 1475 2294 .
1495 2287 1502 2294 .
1523 2286 1531 2294 .
1555 2263 1585 2293 ei

257 2309 374 2339 statuit
391 2319 457 2339 om.
474 2307 526 2338 P:
552 2318 642 2338 mers
660 2309 803 2347 pretium
822 2331 829 2338 .
850 2331 857 2338 .
873 2331 881 2338 .
904 2308 1077 2347 inprobast
1098 2318 1164 2338 om.
1183 2307 1216 2337 A
1235 2319 1241 2337 :
1265 2317 1353 2346 quae
1375 2306 1517 2346 inproba
1535 2312 1586 2337 est

258 2362 350 2382 mers
362 2352 504 2392 pretium
523 2352 572 2382 cis
589 2352 710 2382 statuis
724 2362 785 2391 pro
803 2351 927 2381 uirtute
945 2356 981 2382 ut
1000 2351 1138 2381 neuiant
1156 2350 1244 2382 codd.
1261 2350 1516 2389 1'8'0111’1‘4150ii.
1537 2359 1585 2388 11,

259 2406 291 2435 p.
310 2398 368 2435 50)
503 2395 564 2433 728
589 2396 702 2425 ueniat
720 2395 768 2425 P:
795 2395 934 2425 neuiant
951 2394 1039 2426 codd.
1058 2394 1160 2425 Νοιιιϊ
1291 2404 1354 2434 729
1378 2403 1507 2434 pauper
1523 2393 1588 2425 erit

259 2439 310 2470 P:
336 2444 499 2481 pauperat
516 2438 602 2469 codd.
621 2438 724 2469 Nonii
741 2448 798 2479 ¹57
935 2448 997 2478 730
1021 2439 1244 2479 disperdisset
1261 2437 1294 2470 P
