1747 2740
172 149 240 187 IV.
263 149 308 186 iii
649 151 696 189 T.
730 150 912 190 MACCI
945 151 1149 190 PLAVTI

373 260 610 311 publicitus;
639 275 685 299 ea
706 275 764 300 res
787 275 850 300 me
871 263 993 300 domo
1014 270 1211 312 expertem
1232 262 1334 302 facit.

201 342 245 373 40
372 339 532 376 operam
553 334 673 377 atque
694 326 909 377 hospitium
932 341 1005 376 ego
1027 326 1087 365 isti
1110 327 1328 378 praehiberi
1350 328 1444 367 uolo
1617 337 1685 375 510

371 391 438 441 qui
460 391 528 429 tibi
553 393 715 430 tabellas
735 393 871 430 adfert.
931 406 1024 430 cura
1043 407 1144 443 quae
1166 393 1197 431 is
1218 394 1336 440 uolet,

371 470 463 494 nam
485 456 515 494 is
538 456 633 494 mihi
656 457 826 495 honores
847 471 941 496 suae
961 457 1070 496 domi
1092 457 1229 496 habuit
1251 460 1484 497 maxumos.’

265 522 342 560 Do.
374 521 471 571 quid
503 521 543 560 id
575 523 625 560 ad
661 536 724 561 me
753 530 820 560 aut
847 524 897 562 ad
926 536 1053 561 meam
1085 537 1165 561 rem
1194 525 1309 562 refert
1336 526 1476 563 Persae
1499 524 1596 575 quid

1313 602 1440 628 rerum
1461 598 1596 640 gerant

262 658 328 690 aut
349 652 446 702 quid
475 654 554 691 eru'
584 654 696 692 tuo'?
752 654 828 692 To.
858 661 956 701 tace,
989 653 1246 704 stultiloque3
1274 654 1402 693 nescis
1431 654 1528 704 quid
1556 663 1594 694 te

1361 719 1478 759 instet
1498 720 1593 759 boni

201 798 243 829 45
262 796 392 833 neque
412 796 531 833 quam
554 782 624 821 tibi
646 785 820 822 Fortuna
842 785 1009 822 faculam
1032 784 1252 823 lucriferam
1273 786 1456 824 adlucere
1477 787 1570 824 uolt.
1614 795 1677 832 515

264 850 340 887 Do.
373 847 474 898 quae
513 848 634 887 istaec
673 849 851 888 lucrifera
890 857 948 888 est
988 851 1194 888 Fortuna?
1261 851 1336 888 To.
1370 851 1460 888 istas
1493 863 1594 900 quae

1324 924 1467 954 norunt
1489 928 1589 966 roga.

258 992 332 1029 ego
352 980 601 1017 tantumdem
622 979 704 1017 scio
725 987 917 1029 quantum
935 987 990 1027 tu,
1011 979 1084 1017 nisi
1105 981 1215 1030 quod
1235 980 1376 1030 pellegi
1397 980 1510 1031 prior.

258 1045 338 1091 sed,
359 1052 401 1083 ut
421 1044 623 1095 occepisti:
637 1059 683 1083 ex
697 1045 850 1084 tabellis
866 1058 987 1084 nosce
1003 1059 1096 1084 rem.
1140 1047 1216 1084 Do.
1240 1046 1343 1084 bene
1360 1059 1422 1084 me
1441 1059 1587 1085 mones.

258 1111 319 1148 fac
339 1109 549 1148 silentium.
609 1112 683 1149 To.
717 1124 823 1149 nunc
843 1112 894 1150 ad
916 1110 1012 1150 illud
1035 1110 1170 1149 uenies
1191 1112 1301 1161 quod
1323 1112 1435 1150 refert
1456 1119 1533 1150 tua.

198 1192 240 1224 50
368 1178 444 1214 Do.
480 1175 559 1214 ‘ist’
593 1176 661 1226 qui
682 1176 845 1214 tabellas
866 1177 992 1215 adfert
1012 1176 1176 1215 adduxit
1197 1176 1315 1215 simul
1611 1186 1679 1223 520

366 1243 491 1280 forma
510 1243 731 1292 expetenda
752 1242 952 1281 liberalem
974 1242 1177 1292 uirginem,

364 1307 560 1355 furtiuam,
583 1307 797 1346 abductam
819 1322 865 1346 ex
887 1307 1033 1346 Arabia
1054 1307 1313 1358 penitissuma
1330 1322 1341 1356 ς

363 1386 449 1412 eam
471 1380 509 1411 te
530 1374 623 1411 uolo
644 1386 778 1411 curare
800 1381 841 1411 ut
864 1372 949 1411 istie
972 1381 1125 1411 ueneat.

361 1452 409 1477 ac
429 1451 501 1476 suo
522 1438 667 1488 periclo
689 1438 719 1476 is
740 1446 844 1477 emat
865 1438 931 1488 qui
953 1452 1040 1477 eam
1064 1439 1299 1477 mercabitur
1318 1455 1325 1478 :

194 1517 234 1551 55
363 1504 576 1554 mancupio
598 1517 726 1554 neque
748 1504 948 1554 promittet
971 1518 1100 1554 neque
1123 1504 1332 1554 quisquam
1355 1505 1475 1544 dabit.
1607 1513 1672 1550 525

362 1570 531 1620 probum
552 1577 590 1607 et
612 1577 861 1608 numeratum
884 1577 1086 1619 argentum
1111 1578 1152 1607 ut
1173 1569 1340 1620 accipiat
1363 1572 1457 1609 face.

363 1637 460 1674 haec
481 1648 572 1673 cura
593 1642 631 1673 et
651 1636 795 1685 hospes
817 1649 908 1673 cura
930 1643 971 1673 ut
992 1644 1158 1674 curetur.
1219 1638 1330 1674 uale.'

253 1703 328 1741 To.
360 1701 456 1752 quid
484 1701 627 1750 igitur?
667 1709 877 1751 postquam
899 1700 1066 1739 recitasti
1097 1702 1205 1751 quod
1233 1710 1313 1740 erat
1334 1715 1446 1741 cerae
1466 1703 1588 1742 credi-

1490 1778 1585 1816 tum,

253 1833 330 1872 iam
353 1832 448 1871 mihi
469 1832 626 1871 eredis?
672 1834 748 1872 Do.
780 1832 847 1871 ubi
869 1846 974 1870 nunc
996 1832 1096 1871 illest
1118 1834 1261 1883 hospes
1283 1833 1349 1883 qui
1371 1835 1489 1872 hasce
1509 1835 1587 1872 hue

1429 1900 1588 1938 attulit?

192 1971 236 2004 60
253 1965 328 2003 TO.
361 1963 438 2002 iam
459 1964 523 2002 hic
544 1965 663 2003 credo
683 1964 830 2003 aderit:
860 1964 1060 2003 arcessiuit
1089 1964 1194 2002 illam
1215 1978 1237 2003 a
1258 1964 1360 2003 naui.
1423 1967 1498 2004 Do.
1532 1965 1584 2003 nil
1606 1979 1673 2014 530

1394 2031 1445 2068 mi
1468 2040 1584 2082 opust

295 2144 355 2174 511
383 2135 481 2166 offert
499 2134 531 2165 A
624 2134 706 2165 uelit
724 2134 756 2164 A
891 2144 954 2173 5¹2
978 2134 1020 2164 mi
1040 2134 1092 2164 hic
1112 2133 1252 2164 Redslob
1373 2145 1437 2174 513
1461 2145 1532 2172 eam
1548 2134 1580 2164 A

252 2189 315 2219 515
341 2179 543 2218 nequiquam
561 2178 593 2209 P
717 2178 879 2209 lucifieam
897 2178 930 2208 P
946 2180 1021 2218 <pro
1038 2177 1237 2223 lucrificam)
1257 2189 1264 2209 t
1290 2177 1443 2208 lucrifera
1460 2177 1588 2208 Ritschl

253 2224 316 2261 516
340 2223 380 2254 fo.
403 2223 551 2253 lucrifica
576 2227 628 2252 est
654 2223 686 2253 P
813 2232 877 2261 5¹9
902 2228 1019 2252 nentes
1036 2221 1069 2252 P
1519 2232 1580 2261 521

253 2266 436 2307 uirginem]
465 2265 639 2296 mulierem
663 2266 696 2296 P
845 2276 906 2304 522
931 2266 1109 2295 adductam
1133 2265 1325 2305 (adnectam
1352 2265 1396 2295 Bi
1424 2264 1462 2304 P,
1490 2265 1579 2295 codd.

252 2309 415 2341 Prisciani
433 2320 457 2348 1,
477 2320 520 2349 99
624 2319 687 2348 523
711 2319 868 2340 accurare
886 2308 918 2338 Ρ
1003 2309 1113 2339 ῖίἸίεῐί
1220 2309 1333 2339 ueniat
1355 2309 1382 2337 A
1518 2319 1581 2347 524

253 2363 326 2383 eam
358 2364 422 2384 om.
454 2353 499 2388 A,
528 2353 614 2383 unde
642 2355 669 2383 is
696 2363 768 2383 eam
798 2358 885 2383 emat
913 2353 968 2391 qui
1000 2362 1040 2382 m.
1070 2351 1203 2390 Ru'tscltl,
1233 2351 1383 2391 rhythmo
1410 2353 1583 2382 consulens

254 2402 349 2433 (nam
372 2397 521 2436 periculo
542 2397 595 2426 vix
607 2396 801 2437 fi’rendum)
936 2405 999 2435 525
1023 2395 1192 2435 promittis
1210 2395 1242 2424 A
1262 2398 1343 2436 (-tes
1357 2396 1380 2434 ἒξ
1517 2405 1583 2435 529

253 2440 319 2473 huc
337 2451 401 2472 om.
422 2440 454 2472 P
