1747 2740
220 178 340 205 PROL.
639 166 684 204 T.
720 167 902 206 MACCI
935 166 1139 204 PLAVTI

327 280 358 318 si
380 280 501 318 minu'
523 279 724 326 curassint‚
750 280 870 330 quom
894 279 947 318 eri
970 278 1174 318 reueniant
1196 279 1373 318 domurn.

328 345 498 385 nutrices
519 359 661 396 pueros
683 344 841 383 infantis
863 344 1078 383 minutulos

328 410 437 450 domi
459 418 501 449 ut
522 418 731 461 procurent
752 423 829 448 neu
851 423 953 460 quae
974 417 1194 460 spectatum
1215 410 1377 456 adferat,

327 490 377 514 ne
398 484 435 514 et
457 476 564 526 ipsae
584 475 716 514 sitiant
737 483 775 514 et
796 474 904 525 pueri
927 482 1087 526 pereant
1109 476 1212 513 farne
1573 485 1620 520 30

325 554 427 579 neue
449 541 684 579 essurientes
705 540 769 578 hic
790 539 902 590 quasi
924 539 1040 578 haedi
1062 539 1286 589 obuagiant.

326 613 529 645 matronae
550 606 691 645 tacitae
712 613 907 655 spectent,
928 605 1069 644 tacitae
1090 604 1258 652 rideant,

325 685 470 710 canora
490 671 554 710 hic
575 684 675 710 uoce
696 685 766 709 sua
787 670 930 709 tinnire
951 677 1182 721 temperent,

325 737 491 775 domum
513 750 714 775 sermones
735 736 938 775 fabulandi
960 737 1175 783 conferant,

325 815 374 840 ne
396 809 432 840 et
454 801 517 839 hic
538 801 630 840 uiris
651 801 729 840 sint
749 810 787 840 et
808 801 918 840 dorni
939 801 1154 840 molestiae.
1572 812 1615 849 35

324 868 514 916 quodque
534 868 585 906 ad
606 867 791 905 ludorum
812 874 1010 905 curatores
1031 866 1186 914 attinet,

323 944 373 970 ne
393 932 525 981 palma
545 933 660 970 detur
680 931 897 982 quoiquam
919 931 1057 970 artifici
1079 930 1219 969 iniuria

324 996 416 1035 niue
436 997 664 1036 ambitionis
686 1010 825 1035 caussa
845 998 1101 1036 extrudantur
1121 998 1235 1044 foras,

323 1075 404 1112 quo
424 1062 637 1101 deteriores
658 1070 951 1113 anteponantur
971 1061 1098 1101 bonis.

323 1135 361 1165 et
381 1128 459 1166 hoc
479 1141 640 1178 quoque
661 1127 779 1166 etiarn
802 1128 912 1177 quod
932 1140 1059 1178 paene
1079 1126 1225 1166 oblitus
1245 1125 1325 1165 fui:
1571 1141 1619 1175 40

323 1193 419 1231 dum
440 1192 523 1231 ludi
545 1194 655 1239 fiunt,
680 1192 719 1230 in
741 1194 943 1243 popinam,
967 1191 1190 1243 pedisequi,

323 1256 589 1308 inruptionem
612 1257 727 1297 facite
744 1273 753 1305 3
783 1271 890 1296 nunc
911 1259 1008 1297 dum
1030 1256 1188 1296 occasio
1209 1264 1279 1304 est,

323 1337 429 1361 nunc
450 1324 545 1362 dum
569 1323 779 1362 scribilitae
806 1323 810 1375 Ι
836 1330 1028 1369 aestuant,
1053 1322 1255 1369 occurrite,

324 1390 421 1427 haec
442 1388 632 1439 imperata
653 1403 754 1439 quae
775 1396 865 1428 sunt
887 1402 958 1439 pro
978 1388 1144 1439 imperio
1165 1387 1337 1435 histrico,

324 1455 474 1493 bonum
496 1456 626 1493 hercle
648 1456 794 1493 facturn
816 1469 888 1505 pro
909 1468 950 1493 se
971 1453 1139 1504 quisque
1160 1461 1203 1492 ut
1223 1451 1456 1493 meminerit.
1569 1466 1612 1502 45

322 1521 372 1558 ad
393 1527 667 1570 argumentum
690 1533 796 1558 nunc
817 1512 1031 1558 uicissatim
1054 1520 1147 1558 uolo

321 1585 537 1636 remigrare,
562 1593 603 1624 ut
624 1600 751 1636 aeque
773 1599 929 1624 mecum
951 1585 1033 1624 sitis
1053 1599 1249 1636 gnarures.

321 1651 404 1690 eius
425 1665 531 1690 nunc
553 1651 743 1702 regiones,
766 1651 921 1698 limites,
945 1651 1118 1690 confinia

322 1716 596 1755 determinabo
614 1731 620 1754 :
650 1716 685 1755 ei
706 1716 760 1755 rei
782 1730 855 1766 ego
877 1730 964 1755 sum
985 1718 1111 1755 factus
1133 1715 1273 1755 finitor.

322 1782 392 1819 sed
413 1780 485 1819 nisi
509 1783 769 1829 molestumst,
793 1796 940 1821 nomen
962 1783 1055 1821 dare
1076 1781 1191 1821 uobis
1212 1783 1306 1821 uolo
1569 1793 1613 1830 50

320 1846 567 1893 comoediai;
596 1846 656 1885 sin
678 1846 820 1895 odiost,
846 1847 978 1886 dicam
999 1855 1144 1894 tamen,

320 1911 516 1962 siquidem
538 1912 671 1951 licebit
692 1926 761 1962 per
784 1913 870 1952 illos
892 1914 1037 1963 quibus
1058 1921 1116 1952 est
1137 1912 1176 1951 in
1198 1925 1328 1951 manu.

321 1978 576 2029 Καρχηδόνιος
596 1986 761 2018 uocatur
781 1980 879 2018 haec
900 1979 1110 2018 comoedia
1126 1994 1135 2026 3

319 2042 437 2081 latine
460 2044 621 2082 Plautus
647 2046 855 2084 ‘Patruos’
879 2044 1242 2096 Pultiphagonides.

254 2158 295 2187 27
321 2149 500 2180 reueniant
524 2149 650 2181 Bothe:
676 2150 815 2182 ueniant
839 2150 903 2181 cod.
933 2151 992 2182 fiii.
1019 2151 1055 2191 35
1189 2161 1232 2190 30
1256 2154 1391 2190 per-tant
1413 2149 1478 2180 cod.
1500 2150 1547 2189 (T

206 2197 268 2232 pro
286 2192 328 2232 E)
348 2192 450 2229 (unde
465 2194 614 2232 pcritcnt
637 2194 672 2233 T,
693 2199 835 2234 percant
853 2194 941 2229 PCD]
1088 2204 1130 2233 32
1155 2195 1289 2225 rediant
1301 2193 1368 2224 cod.
1503 2196 1546 2233 36

211 2237 252 2266 ad
271 2246 335 2266 om.
356 2235 388 2265 B
518 2248 559 2276 43
583 2236 725 2280 (aestu)
742 2243 898 2268 aestuant
919 2238 1016 2268 Cart:
1105 2249 1146 2277 44
1170 2248 1258 2278 quae
1274 2238 1438 2277 imperata
1452 2236 1519 2268 cod.
1536 2248 1543 2267 :

211 2280 284 2310 [ναί.
305 2280 527 2319 Camerarius,
553 2281 703 2320 νΙμἸΙιυιο
727 2281 895 2311 consulens
1042 2292 1082 2320 47
1110 2283 1288 2320 ignarures
1317 2280 1382 2311 cod.
1418 2283 1455 2310 ul
1477 2280 1540 2311 vid.

212 2334 253 2361 40
278 2323 352 2354 cius
363 2324 450 2354 rodel.
465 2324 569 2354 Nonii
585 2334 617 2353 rr
726 2325 838 2355 finitor
850 2325 957 2355 sactus
976 2335 1050 2355 sum
1063 2325 1223 2361 Muretus,
1243 2324 1301 2355 scd
1313 2325 1349 2364 ‘f
1367 2323 1545 2364 Nae-tllesln'p

213 2367 349 2404 ¹J0ur11.
368 2367 453 2398 Plu'l.
476 2379 528 2406 24.
549 2368 632 2407 2295
765 2378 808 2406 50
834 2379 955 2398 nomen
982 2369 1064 2399 darc
1089 2369 1183 2400 Hah:
1209 2379 1276 2400 non
1298 2368 1461 2398 mcndare
1477 2367 1542 2399 cod.

212 2419 254 2449 53
274 2415 350 2451 pos!
368 2411 455 2441 lumc
468 2422 599 2442 versum
616 2412 774 2442 lammam
791 2412 935 2452 signavit
953 2412 1089 2453 chpcrt
