1747 2740
164 153 218 192 ΙΙ.
239 153 269 192 ii
663 155 710 192 T.
743 154 925 193 MACCI
957 154 1162 192 PLAVTI

236 268 311 306 To.
322 280 423 318 egon
431 268 523 306 dem
532 266 836 317 pignustecum?
867 268 936 304 ΡΑ.
952 267 1150 314 audacter,
1161 266 1192 305 si
1207 266 1383 305 lubidost
1395 266 1569 317 perdere.

234 334 309 372 To.
343 334 449 372 bona
479 347 552 384 pax
582 333 630 371 sit
661 332 802 383 potius.
864 334 932 370 ΡΑ.
966 339 1050 370 tum
1081 340 1122 370 tu
1153 332 1267 383 igitur
1297 332 1381 371 sine
1411 346 1474 371 me
1503 332 1569 371 ire.

1095 399 1170 435 To.
1203 405 1241 436 et
1262 397 1382 436 iubeo
1401 405 1440 437 et
1459 397 1546 436 sino
1560 411 1572 446 ;

236 464 305 503 sed
337 464 389 503 ita
419 465 512 502 uolo
543 471 604 502 te:
635 461 824 516 curre[re]
855 470 897 501 ut
926 462 1038 502 domi
1067 462 1130 510 sis,
1162 476 1285 513 quom
1315 476 1389 512 ego
1418 469 1456 501 te
1485 475 1571 501 esse
1592 471 1659 508 190

1298 527 1352 566 illi
1373 540 1568 566 censeam.

235 596 303 634 ΡΑ.
337 595 487 634 faciam.
529 596 604 634 To.
631 595 712 645 quo
732 608 824 645 ergo
846 594 876 632 is
897 595 1034 633 nunc?
1073 595 1142 632 ΡΑ.
1169 594 1360 633 domum:
1381 593 1438 632 uti
1458 592 1568 632 domi

1065 659 1150 707 sim,
1173 673 1296 710 quom
1317 659 1371 697 illi
1391 671 1564 697 censeas.

177 743 215 765 10
233 728 307 766 To.
340 728 458 766 scelu'
489 734 530 765 tu
560 726 669 777 pueri
699 740 740 765 es
774 733 894 776 atque
925 726 977 765 ob
1010 725 1135 764 istz'mc
1164 739 1246 765 rem
1277 738 1350 776 ego
1378 724 1500 775 aliqui
1529 731 1567 762 te

1345 789 1565 841 peculiabo.

232 858 300 895 ΡΑ.
334 857 416 895 scio
438 858 515 896 fide
537 858 666 896 hercle
687 856 769 895 erili
790 864 833 895 ut
854 858 977 895 soleat
998 855 1233 907 inpudicitia
1253 854 1483 907 opprobrari

231 935 304 961 nec
325 921 452 972 subigi
470 929 663 972 queantur
679 935 870 972 umquam
892 929 933 960 ut
949 934 1021 971 pro
1037 935 1083 960 ea
1097 922 1176 960 fide
1191 921 1365 960 habeant
1380 919 1564 959 iudicem.

229 989 304 1026 To.
337 987 401 1026 abi
427 988 559 1026 modo.
613 988 683 1025 ΡΑ.
714 1001 787 1037 ego
807 986 988 1026 laudabis
1009 988 1108 1025 faxo.
1160 988 1234 1024 To.
1267 986 1337 1024 sed
1357 986 1428 1023 has
1448 984 1568 1024 tabel-
1590 996 1652 1033 195

1245 1053 1312 1098 las,
1337 1049 1564 1101 Paegnium,

229 1117 302 1169 ipsi
325 1117 592 1157 Lemniseleni
613 1119 673 1156 fac
694 1119 764 1157 des
785 1125 823 1156 et
844 1131 946 1168 quae
967 1116 1061 1156 iussi
1081 1116 1274 1155 nuntiato.

172 1198 209 1229 15
391 1185 456 1222 So.
489 1196 601 1222 cesso
622 1183 675 1221 ire
696 1196 769 1233 ego
790 1196 871 1233 quo
892 1182 1011 1220 missa
1031 1196 1130 1221 sum.

230 1251 298 1288 ΡΑ.
331 1262 379 1288 eo
399 1261 484 1299 ego.
542 1250 616 1287 To.
650 1248 661 1286 i
683 1261 787 1287 sane.
843 1261 916 1299 ego
937 1249 1103 1287 domum
1125 1247 1202 1286 ibo.
1253 1248 1338 1286 face
1359 1260 1440 1285 rem
1461 1247 1566 1285 hanc

1216 1326 1307 1351 curn
1329 1325 1422 1351 cura
1441 1324 1561 1363 geras.

227 1381 317 1419 uola
338 1379 672 1419 curriculo—PA.
706 1379 806 1418 istuc
828 1379 1000 1417 marinus
1022 1391 1155 1429 passer
1176 1391 1244 1429 per
1264 1377 1411 1416 circum
1433 1378 1543 1416 solet.

227 1505 304 1544 illic
325 1505 418 1544 hinc
437 1505 533 1544 abiit
555 1505 656 1544 intro
678 1507 766 1544 huc.
819 1507 888 1544 sed
910 1504 997 1555 quis
1019 1506 1117 1543 haec
1138 1512 1196 1543 est
1217 1517 1319 1555 quae
1340 1518 1404 1544 me
1423 1506 1561 1544 aduor-
1581 1514 1652 1540 200

1276 1583 1363 1608 sum
1385 1570 1563 1609 incedit?

225 1637 289 1675 So.
323 1635 539 1686 Paegnium
568 1635 797 1687 hicquidem
820 1643 890 1674 est.
953 1624 1021 1674 ΡΑ.
1055 1635 1356 1686 Sophoclidisca
1377 1636 1474 1674 haec
1499 1649 1562 1686 pe-

1262 1701 1443 1740 culiarest
1463 1701 1561 1740 eiius

164 1785 204 1807 20
223 1780 303 1818 quo
324 1780 397 1818 ego
414 1780 500 1806 sum
522 1767 674 1806 missus
727 1769 791 1806 So.
826 1769 956 1807 nullus
973 1781 1058 1807 esse
1075 1768 1195 1807 hodie
1216 1769 1293 1806 hoc
1310 1780 1432 1818 puero
1452 1767 1562 1818 peior

1320 1833 1558 1884 perhibetur.

224 1900 292 1937 PA.
335 1900 595 1950 compellabo.
670 1900 735 1939 So.
778 1901 1116 1939 commorandust.
1192 1902 1260 1938 ΡΑ.
1299 1898 1560 1951 <standumst>

1137 1966 1244 2016 apud
1265 1966 1368 2004 hanc
1388 1964 1556 2003 obicem.

270 2070 329 2100 188
353 2070 486 2101 lubidos
503 2076 554 2102 est
574 2071 605 2101 Ρ
738 2080 799 2110 190
824 2070 917 2111 uolo]
937 2069 1032 2101 urolo
1046 2069 1079 2100 A
1173 2081 1271 2101 curre
1282 2071 1413 2112 scripsi:
1439 2080 1558 2101 curare

223 2113 272 2145 P:
299 2124 436 2144 currere
453 2114 484 2144 A
507 2115 558 2155 (cf
576 2114 674 2146 Stich.
701 2116 764 2153 285
788 2124 925 2145 currere
946 2120 1006 2154 pro
1032 2124 1128 2144 curre
1147 2113 1192 2153 P)
1349 2124 1404 2154 191
1430 2113 1559 2144 duobus

223 2158 383 2188 versiculis
397 2157 543 2194 Faciam,
555 2163 583 2188 et
594 2158 690 2188 Domi
703 2159 734 2188 A
812 2169 870 2196 ¹92
894 2157 994 2197 aliqui
1010 2156 1128 2187 Densa
1146 2170 1152 2189 :
1177 2158 1294 2198 aliquit
1308 2158 1340 2188 A
1359 2169 1366 2188 :
1389 2157 1513 2197 aliquid
1527 2156 1562 2187 P

227 2210 286 2239 193
303 2201 439 2232 hercole
454 2205 490 2232 ut
500 2201 561 2232 vid.
581 2202 611 2231 A
708 2211 767 2240 194
794 2201 844 2231 Ne
862 2201 894 2231 A
989 2210 1137 2240 195—247
1163 2201 1248 2232 deest
1261 2202 1294 2232 A
1390 2211 1449 2240 195
1474 2211 1557 2240 ergo

222 2243 287 2275 cod.
381 2255 445 2276 200
470 2246 488 2275 i.
507 2245 587 2276 abiit
606 2246 672 2285 (1112.
692 2246 761 2276 abit
772 2246 796 2278 'D
818 2246 848 2276 h.
865 2243 930 2275 cod.
949 2256 955 2273 τ
981 2244 1052 2275 trcn'.
1072 2245 1199 2275 Ritschl
1216 2244 1410 2279 (secundmn
1429 2255 1555 2274 morem

223 2286 435 2328 Plautinum)
511 2289 553 2319 mi
569 2288 691 2319 Pradel
702 2289 738 2319 de
752 2293 859 2328 praep.
879 2298 909 2328 p.
928 2288 990 2327 485
1097 2298 1161 2327 203
1186 2289 1235 2319 vel
1248 2288 1554 2320 commorandumst

224 2331 295 2371 (sed
303 2342 328 2362 c.
343 2331 566 2362 ‘manendum
580 2336 626 2362 est
636 2333 643 2347 ’
660 2333 715 2362 vix
726 2331 939 2363 Plautinum
1000 2332 1191 2363 standumst
1205 2331 1281 2363 add.
1296 2332 1362 2362 Leo
1423 2332 1512 2362 hana
1522 2330 1555 2361 B

221 2376 349 2406 obicem
369 2376 550 2415 <obiecem>
568 2375 661 2406 Valla
678 2387 685 2406 :
709 2375 815 2406 obieci
834 2374 903 2406 cod.
929 2375 1001 2416 (pm
1016 2375 1157 2406 obiecim
1170 2377 1195 2413 ἲ)
1314 2375 1365 2406 ob.
1386 2374 1554 2418 (gradus)

221 2418 349 2449 Schoell
358 2430 363 2449 :
382 2419 489 2449 obieci
500 2418 672 2461 (moram)
684 2418 806 2450 Pradel
816 2418 853 2449 de
861 2423 971 2459 praep.
987 2428 1017 2458 p.
1033 2429 1092 2458 491
1147 2420 1228 2459 sort.
1244 2418 1464 2459 compellabo.
1488 2418 1548 2449 ΡΑ.

222 2463 531 2495 commorandumst
545 2461 678 2506 —<So.
703 2462 888 2503 Paegnium
904 2461 934 2506 8>
981 2462 1040 2493 ΡΑ.
1067 2473 1119 2493 me
1137 2464 1225 2504 apud
1244 2463 1274 2494 h.
1290 2463 1422 2494 obicem
1436 2462 1496 2504 (iii.
1515 2463 1549 2502 2)
