1747 2740
656 118 1006 157 TRINVMMVS
1450 118 1503 155 ΙΙ.
1524 117 1539 154 i

167 229 370 281 uestipica,
394 238 544 278 unctor,
567 230 650 269 auri
673 238 817 277 custos,
841 229 1108 276 flabelliferae‚
1130 228 1451 279 sandaligerulae,

167 296 372 343 cantrices,
394 296 671 342 cistellatrices‚
697 295 835 343 nuntii,
859 295 1041 342 renui-itii,
1065 308 1147 345 rap-

330 370 447 401 -tores
468 361 580 412 panis
603 369 640 400 et
662 361 753 412 peni
769 376 778 409 3

80 438 145 475 255
222 428 265 465 fit
286 426 380 478 ipse,
404 428 501 466 dum
523 427 597 466 illis
618 427 743 465 comis
765 435 834 474 est,
859 426 973 477 inops
993 433 1156 464 amator.

275 493 374 531 haec
395 506 469 543 ego
489 506 612 543 quom
634 506 725 531 curn
746 493 881 531 animo
903 505 994 531 meo
1015 499 1166 542 reputo,
1530 507 1572 538 30

274 557 343 597 ubi
365 559 434 608 qui
454 566 552 608 eget,
576 571 696 608 quarn
717 558 816 609 preti
837 558 885 596 sit
906 557 1016 608 parui
1034 572 1041 595 :

273 636 398 674 apage
419 630 467 670 te,
492 626 628 671 Amor,
651 637 732 662 non
754 625 900 674 places,
920 623 975 661 nil
996 630 1034 661 te
1055 629 1168 670 utor3

274 702 517 740 quamquam
540 689 636 728 illud
657 696 716 728 est
736 690 864 736 dulce,
888 701 974 728 esse
995 696 1033 726 et
1055 688 1201 735 bibere,

77 759 147 794 260
219 756 345 793 Amor
363 768 497 793 amara
517 756 584 793 dat
605 762 749 802 tamen,
773 754 856 793 sati'
878 755 986 804 quod
1007 767 1120 804 aegre
1143 753 1214 793 sit:

31 823 145 858 261—2
164 819 263 869 fugit
289 821 429 868 forum,
457 818 632 872 fug<it>at
660 833 752 858 suos
780 827 982 870 cognatos,
1010 820 1117 869 fugat
1143 818 1251 869 ipsus
1283 832 1323 858 se
1352 820 1402 858 ab
1433 833 1506 859 suo
1527 837 1568 868 35

1339 892 1505 923 contutu

30 955 144 1001 263-4
163 964 295 1001 neque
323 964 415 990 eum
447 951 521 990 sibi
548 951 721 990 amicum
749 953 890 990 uolunt
913 951 1003 990 dici.
1064 951 1171 989 mille
1202 950 1343 997 modis,
1367 952 1502 998 Amor,

1233 1016 1501 1066 ignorandust‚

75 1086 142 1132 265
163 1083 301 1131 procul
320 1082 591 1121 abhibendust
617 1089 737 1132 atque
759 1083 1020 1132 apstandust3
1048 1095 1140 1120 nam
1168 1081 1236 1131 qui
1264 1081 1303 1119 in
1327 1095 1503 1120 amorem

1231 1147 1504 1197 praecipitauit

162 1212 275 1264 peius
295 1214 394 1265 perit
415 1213 527 1264 quasi
554 1227 648 1253 saxo
675 1214 813 1253 saliat:
843 1227 967 1265 apage
994 1221 1042 1261 te,
1068 1215 1204 1260 Amor,
1233 1220 1320 1251 tuas
1344 1227 1403 1251 res
1431 1213 1503 1251 tibi

1340 1280 1499 1327 habeto,

27 1345 142 1390 267-8
161 1346 298 1393 Amor,
332 1345 430 1384 mihi
464 1345 616 1385 amicus
650 1359 701 1385 ne
717 1342 720 1348 ¹
735 1347 820 1385 fuas
854 1358 1046 1396 umquam
1062 1359 1072 1393 3
1112 1352 1203 1383 sunt
1235 1351 1368 1382 tamen
1400 1358 1501 1394 quos

951 1410 1114 1449 miseros
1136 1411 1318 1460 maleque
1341 1411 1498 1457 habeas,

377 1490 478 1527 quos
499 1476 570 1515 tibi
591 1476 786 1516 obnoxios
808 1476 946 1515 fecisti.
1519 1493 1563 1524 40

71 1554 142 1589 270
431 1550 573 1582 certast
594 1556 653 1581 res
675 1544 726 1582 ad
747 1544 898 1593 frugem
919 1543 1118 1594 adplicare
1138 1542 1328 1590 animum,

0 1611 1 1653 1
26 1619 114 1654 271—
121 1621 140 1645 2
160 1621 404 1660 quamquam
426 1608 480 1647 ibi
498 1606 667 1662 [animo]
689 1609 801 1647 labos
817 1608 975 1659 grandis
993 1608 1154 1658 capitur.
1198 1608 1294 1646 boni
1311 1608 1385 1647 sibi
1401 1609 1500 1648 haec

795 1681 996 1724 expetunt,
1019 1687 1112 1720 rern,
1137 1675 1268 1721 fidem,
1292 1675 1497 1723 honor‚em

26 1751 140 1788 273—4
212 1739 375 1790 gloriam
397 1746 435 1779 et
456 1739 618 1790 gratiam
636 1756 643 1779 :
674 1740 750 1778 hoc
771 1739 906 1790 probis
928 1738 1145 1790 pretiumst.
1197 1752 1244 1777 eo
1266 1739 1362 1777 mihi
1385 1740 1499 1790 magi'

1389 1806 1499 1845 lubet

73 1884 137 1921 275
213 1885 304 1910 curn
326 1871 460 1922 probis
482 1871 613 1922 potius
634 1884 754 1922 quam
776 1884 867 1910 eum
890 1870 1066 1922 inprobis
1088 1870 1222 1910 uiuere
1243 1870 1449 1910 uanidicis.

203 1980 265 2010 252
283 1970 613 2010 uestipicasormam
631 1971 790 2001 usitatam
807 1981 870 2001 esse
885 1969 994 2001 docuit
1008 1969 1075 2001 Leo
1092 1967 1278 2010 (Me'langes
1294 1970 1444 2009 Bm'ssier,
1462 1982 1494 2011 p,

158 2018 237 2054 3551*
247 2027 254 2045 :
265 2013 484 2053 uestispicaA
494 2014 626 2054 (forma
641 2013 879 2056 etymologicam
893 2014 1375 2054 uestispic——testaturNom'us
1384 2024 1422 2044 12
1435 2016 1495 2055 (-ci

158 2058 263 2099 codd.)
281 2069 288 2089 z
305 2058 482 2098 uestiplice
493 2058 559 2098 P&
572 2064 634 2098 pro
647 2058 756 2098 -plica,
766 2059 886 2097 forma
903 2058 1085 2091 recentiore)
1147 2059 1444 2098 sandaliogerulae
1462 2058 1495 2088 A

157 2112 220 2142 255
243 2112 293 2142 sq.
311 2101 395 2143 disp.
414 2101 447 2132 A
465 2114 471 2133 :
506 2101 557 2134 Fit
572 2122 616 2127 —
631 2113 697 2142 ego
717 2102 832 2141 (iuml).
854 2102 1013 2142 octonar.)
1037 2102 1041 2143 Ι
1062 2101 1174 2141 Quum
1196 2120 1237 2124 —
1262 2108 1340 2142 eget
1360 2102 1363 2143 Ι
1386 2101 1495 2140 Quam

154 2164 198 2170 —
214 2147 328 2187 places
347 2145 352 2188 Ι
375 2145 465 2177 Nihil
484 2165 524 2168 —
541 2146 659 2177 bibere
762 2147 827 2186 256
851 2146 933 2177 haec
950 2157 1015 2185 ego
1029 2156 1102 2177 cum
1120 2157 1184 2185 ago
1198 2156 1273 2177 cum
1291 2156 1367 2176 meo
1382 2147 1495 2177 animo

155 2195 189 2221 et
212 2190 326 2221 recolo
345 2191 479 2229 (rectilo
496 2190 542 2227 Β)
560 2190 593 2220 Ρ
723 2191 787 2229 258
813 2189 942 2232 places]
960 2190 1098 2229 palages
1116 2190 1148 2221 Ρ
1278 2192 1343 2221 260
1363 2191 1492 2231 tamen]

154 2234 213 2265 tibi
230 2234 264 2264 Ρ
380 2236 486 2264 261-2
512 2234 633 2273 fugitat
646 2233 788 2275 Spengel
803 2246 809 2264 :
833 2234 917 2274 fugit
937 2234 1001 2273 (vel
1017 2236 1078 2267 -ati
1092 2234 1144 2265 A:
1170 2233 1263 2273 fugat
1276 2234 1309 2263 Ρ
1394 2234 1491 2275 suos]

155 2287 217 2308 uos
234 2278 268 2308 P
355 2288 423 2318 sem
446 2277 479 2307 A
614 2280 676 2317 265
701 2278 811 2310 adhib.
833 2278 920 2308 codd.
942 2280 1010 2317 (-us
1027 2278 1078 2319 A>
1168 2284 1270 2318 atque
1286 2279 1493 2318 aptinendus

154 2321 248 2362 P(v.
269 2322 299 2361 1)
434 2331 551 2352 amore
567 2321 600 2352 Ρ
751 2322 816 2352 266
840 2321 889 2363 te]
916 2322 964 2352 sis
988 2321 1020 2352 P
1106 2321 1192 2352 habe
1215 2322 1247 2352 Ρ
1386 2322 1493 2361 267-8

154 2366 282 2396 amicus
300 2366 379 2397 mihi
398 2365 430 2395 A
499 2375 656 2405 umquam
674 2375 739 2396 om.
756 2365 789 2395 A
902 2367 974 2404 269,
993 2376 1058 2405 270
1074 2366 1223 2406 coniung.
1241 2365 1275 2395 A
1339 2371 1492 2397 certunst

155 2409 204 2440 P:
224 2416 314 2440 certa
326 2415 377 2440 est
393 2420 448 2440 res
462 2408 494 2440 A
643 2420 682 2449 27
691 2420 749 2440 1=2
775 2410 887 2441 animo
905 2420 970 2442 om.
985 2409 1018 2440 A
1108 2409 1206 2441 bonis
1222 2408 1255 2440 Ρ
1385 2420 1491 2450 273-4

155 2454 206 2484 vel
220 2464 316 2494 mage
