1747 2740
174 331 234 365 145

173 663 234 696 150

176 1574 239 1607 160

174 1903 234 1945 165

677 143 723 180 T.
757 141 939 181 MACCI
971 143 1177 181 PLAVTI

310 268 441 306 neque
461 256 564 295 adeo
585 257 705 294 hasce
726 255 803 294 emi
827 254 924 293 mihi
945 268 1020 294 nec
1041 268 1201 295 ussurae
1222 269 1334 295 meae
1351 270 1361 294 ε

309 321 363 360 illi
385 321 534 360 redemi
556 335 703 367 rusum,
726 334 748 359 a
770 335 833 360 me
853 329 1059 371 argentum
1081 321 1185 360 dedi.

308 388 408 425 haec
428 394 520 425 sunt
539 401 546 425 :
577 386 608 424 si
630 394 736 425 recte
756 400 825 425 seu
847 400 1033 437 peruorse
1054 388 1157 424 facta
1176 393 1278 434 sunt,

308 466 382 503 ego
404 466 466 490 me
492 451 631 491 fecisse
651 452 855 499 confiteor,
880 451 1171 502 Megaronides.

308 532 373 557 em
395 531 483 556 mea
504 519 723 564 malefacta,
748 531 812 557 em
834 531 964 556 meam
985 517 1189 556 auaritiam
1211 517 1283 556 tibi
1303 520 1310 557 !
1621 525 1682 569 185

310 585 428 623 hasce
450 583 547 622 mihi
567 592 728 635 propter
748 597 808 623 res
829 585 952 622 malas
973 585 1096 622 famas
1116 584 1257 622 ferunt.

311 651 395 688 ΜΕ.
427 653 593 688 παῦσαιε
625 649 753 688 uicisti
775 649 1051 699 castigatorem
1073 657 1184 688 tuom
1204 664 1211 688 :

309 715 475 754 occlusti
497 715 682 766 linguam,
707 715 804 753 nihil
825 722 884 753 est
904 714 972 765 qui
993 715 1268 764 respondeam.

310 781 386 820 CA.
416 794 524 819 nunc
545 795 618 831 ego
639 788 677 819 te
699 793 848 831 quaeso
869 788 912 818 ut
933 793 997 819 me
1017 793 1137 830 opera
1157 788 1196 819 et
1216 780 1383 820 consilio
1402 780 1516 820 iuues

310 846 663 897 communicesque
684 848 788 885 hanc
810 859 968 884 mecum
990 859 1119 884 meam
1140 846 1402 897 prouinciam.
1621 863 1688 898 190

312 913 395 951 ΜΕ.
429 912 619 963 polliceor
649 925 820 963 operam.
882 912 954 952 CA.
988 924 1080 962 ergo
1110 911 1179 950 ubi
1209 912 1283 952 eris
1313 914 1447 963 paullo
1476 915 1598 963 post?

1358 980 1442 1017 ME.
1475 979 1596 1018 domi.

312 1044 384 1083 CA.
418 1044 614 1095 numquid
645 1044 738 1083 uis?
796 1045 879 1082 ΜΕ.
914 1057 1026 1083 cures
1056 1050 1165 1083 tuam
1197 1044 1329 1083 fidem.
1390 1045 1464 1084 CA.
1496 1042 1599 1097 fi[e]t

1445 1111 1596 1149 sedulo.

313 1178 396 1215 ΜΕ.
431 1178 500 1216 sed
522 1176 619 1227 quid
640 1176 731 1215 ais?
788 1177 860 1216 CA.
894 1175 991 1227 quid
1018 1175 1111 1215 uis?
1169 1177 1253 1215 ME.
1286 1175 1355 1215 ubi
1379 1189 1487 1215 nunc
1506 1177 1600 1215 adu-

1273 1243 1426 1281 lescens
1448 1242 1567 1281 habet
1583 1244 1600 1281 Ρ

312 1309 385 1348 CA.
418 1308 659 1359 posticulum
683 1310 759 1346 hoc
780 1308 938 1358 recepit,
963 1320 1086 1358 quom
1107 1307 1217 1346 aedis
1240 1307 1434 1346 uendidit.

312 1376 396 1413 ΜΕ.
430 1375 530 1413 istuc
552 1375 737 1412 uolebam
759 1373 868 1412 scire.
928 1373 939 1411 i
961 1386 1055 1412 sane
1077 1373 1274 1411 nunciam.
1621 1384 1683 1421 195

311 1441 381 1479 sed
403 1440 500 1491 quid
519 1439 608 1478 ais?
638 1438 735 1490 quid
764 1452 871 1477 nunc
893 1438 1033 1489 uirgo?
1062 1451 1206 1489 nempe
1230 1439 1338 1489 apud
1359 1437 1467 1478 te'st?
1523 1439 1596 1478 CA.

1497 1503 1596 1550 itast,

312 1572 498 1622 iuxtaque
520 1585 607 1610 earn
629 1574 724 1610 curo
745 1584 836 1610 cum
859 1583 957 1608 mea.
1020 1571 1104 1608 ME.
1134 1576 1239 1608 recte
1260 1569 1365 1608 facis.

312 1639 384 1676 CA.
409 1637 605 1687 numquid
627 1637 724 1688 priu'
741 1650 861 1687 quam
882 1636 984 1674 abeo
1002 1646 1065 1674 me
1086 1637 1301 1686 rogaturu's
1314 1637 1472 1675 ?—ME.
1497 1638 1594 1675 uale.

310 1703 408 1741 nihil
430 1711 487 1741 est
509 1704 687 1753 profecto
710 1701 866 1740 stultius
888 1714 1019 1752 neque
1040 1701 1221 1740 stolidius

309 1781 440 1819 neque
462 1767 805 1818 mendaciloquius
828 1780 958 1817 neque
981 1764 1117 1820 [adeo]
1138 1775 1319 1817 argutum
1340 1767 1474 1818 magis,
1616 1779 1686 1805 200

310 1848 440 1884 neque
461 1833 840 1883 confidentiloquius
864 1846 995 1883 neque
1016 1832 1204 1883 peiiurius

309 1913 429 1950 quam
452 1899 589 1938 urbani
612 1900 769 1939 adsidui
791 1900 899 1938 ciues
921 1913 1022 1950 quos
1044 1913 1195 1938 scurras
1220 1907 1375 1938 uocant.

308 1973 427 2016 atque
448 1973 605 2016 egomet
627 1979 691 2004 me
712 1967 814 2004 adeo
837 1979 927 2004 cum
950 1965 1024 2004 illis
1046 1978 1124 2004 una
1145 1965 1294 2004 ibidem
1316 1966 1439 2013 traho,

301 2071 361 2109 183
385 2070 430 2111 si]
458 2081 518 2102 seu
546 2071 579 2102 P
714 2073 774 2111 184
801 2076 933 2111 egomet
964 2070 984 2102 s.
1005 2070 1038 2101 P
1180 2072 1240 2110 185
1265 2081 1317 2101 em
1347 2081 1454 2102 meam
1485 2072 1594 2103 auari-

255 2124 361 2144 meam
380 2115 413 2144 A
432 2127 438 2145 :
475 2126 549 2146 eme
570 2126 610 2146 m.
634 2126 686 2147 au.
708 2115 847 2147 Skutsch
867 2114 1043 2155 (Pln'lolqg.
1064 2124 1116 2154 59.
1138 2115 1218 2153 5005
1372 2117 1432 2146 186
1455 2115 1595 2146 hascine

255 2168 308 2188 me.
327 2158 380 2189 P:
405 2159 546 2189 hascine
570 2159 697 2190 Parcus
798 2164 898 2198 optes
911 2158 1019 2199 Bergk
1119 2159 1314 2189 maledictas
1335 2157 1387 2190 P:
1413 2159 1595 2190 maledicas

255 2200 449 2232 Salmasius
647 2203 729 2243 fort.
760 2202 879 2243 duplex
903 2202 989 2232 lectio
1026 2202 1119 2233 hasc'
1147 2202 1227 2233 mihi
1246 2227 1252 2233 .
1273 2227 1280 2235 .
1298 2227 1305 2234 .
1327 2226 1333 2233 .
1356 2201 1537 2233 maledicas
1567 2207 1596 2234 e!

259 2245 397 2277 hascine
423 2247 467 2276 mi
486 2271 492 2278 .
515 2271 522 2278 .
546 2247 675 2278 .ma]as
835 2246 892 2286 187
920 2255 1024 2285 pausa
1044 2245 1078 2275 P
1232 2246 1292 2276 188
1315 2247 1407 2285 quod
1425 2247 1457 2276 A
1479 2247 1515 2287 gi.
1535 2247 1593 2287 92)

263 2299 320 2327 192
345 2301 404 2320 cur
421 2295 471 2320 est
489 2290 522 2321 P
589 2291 624 2321 fit
642 2290 673 2320 P
805 2300 862 2329 194
890 2290 1009 2329 recipit
1022 2288 1055 2318 A
1171 2291 1232 2328 196
1255 2289 1300 2321 ita
1317 2300 1355 2321 es
1379 2289 1413 2320 P
1534 2291 1595 2330 198

259 2343 335 2363 num
363 2344 411 2373 pr.
437 2334 469 2364 Ρ
602 2345 663 2374 199
687 2334 832 2364 stolidus
854 2333 886 2362 A
1022 2343 1086 2363 200
1109 2333 1196 2364 adeo
1220 2344 1286 2364 om.
1308 2332 1341 2363 P
1427 2334 1483 2365 vix
1498 2336 1595 2375 prins

258 2387 369 2417 neque
386 2376 505 2409 dolend.
529 2378 582 2418 (cf.
602 2378 646 2409 ad
663 2377 732 2408 Mil.
756 2380 832 2418 752)
976 2387 1039 2407 202
1063 2387 1266 2417 quoscurras
1283 2377 1315 2408 A
