1747 2740
562 313 1093 364 ARGVMENTVM
1145 312 1194 361 II

378 449 627 488 Meretricem
646 449 857 498 ingenuam
880 448 1085 498 deperibat
1107 456 1246 486 mutuo

375 514 629 553 Atheniensis
651 513 826 561 iuvenis3
857 515 1109 564 Naupactum
1133 513 1162 551 is
1183 514 1305 552 domo

375 582 524 630 legatus
544 579 650 618 abiit.
712 579 822 618 miles
844 579 883 617 in
905 580 1072 618 eandem
1095 578 1243 627 incidit,

377 646 557 695 deportat
579 645 782 695 Ephesum
805 644 978 682 invitam.
1038 657 1169 683 servos
1190 642 1321 691 Attici,

176 731 195 764 5
376 717 418 748 ut
439 708 636 747 nuntiaret
656 708 822 747 domino
842 710 1002 755 factum,
1024 708 1179 759 navigat
1195 724 1205 757 3

375 773 537 823 capitur,
560 775 730 812 donatur
750 773 803 811 illi
825 782 962 823 captus
984 773 1107 812 militi.

373 840 424 877 ad
446 852 554 877 erum
577 847 619 877 ut
639 839 788 878 veniret
811 840 1014 889 Ephesum
1036 839 1181 878 scribit.
1240 840 1399 878 advolat

373 905 607 943 adulescens
627 913 747 955 atque
768 904 806 943 in
829 905 1007 955 proximo
1028 905 1244 944 devortitur

373 971 479 1020 apud
501 969 699 1020 hospitem
720 978 938 1021 paternum.
999 971 1174 1010 medium
1197 970 1384 1021 parietem

154 1051 193 1072 10
373 1035 543 1085 perfodit
564 1049 696 1074 servos
716 1045 961 1075 commeatus
983 1038 1206 1075 clanculum

372 1114 450 1151 qua
470 1102 569 1139 foret
589 1109 803 1140 amantum.
862 1102 1060 1152 geminam
1083 1102 1193 1152 fingit
1214 1101 1384 1141 mulieris

372 1179 545 1205 sororem
567 1168 716 1206 adesse.
778 1181 868 1206 mox
889 1167 923 1206 ei
945 1167 1131 1206 dominus
1151 1167 1308 1206 aedium

371 1245 482 1270 suam
503 1231 688 1271 clientam
710 1232 1002 1271 sollicitandum
1023 1234 1074 1272 ad
1097 1233 1260 1272 militem

371 1297 570 1336 subornat.
630 1298 781 1348 capitur
802 1298 879 1346 ille,
900 1306 1028 1349 sperat
1049 1299 1217 1349 nuptias,

153 1376 190 1408 15
371 1362 533 1401 dimittit
555 1363 821 1402 concubinam
843 1371 880 1402 et
903 1365 1093 1403 moechus
1114 1365 1282 1415 vapulat.

253 1476 271 1496 2
296 1466 473 1507 naupactis
492 1467 629 1498 domum
647 1466 711 1498 cod.
734 1478 740 1497 ε
764 1478 841 1498 corr.
860 1467 999 1507 Pylades
1134 1478 1152 1505 4
1180 1468 1315 1498 inuitam
1333 1467 1544 1500 Saracenas:

209 1510 331 1541 inuitat
352 1511 415 1543 (—ta
432 1510 496 1549 13¹)
515 1510 581 1542 cod.
701 1520 720 1549 5
747 1510 834 1541 sacto
851 1510 916 1541 cod.
937 1512 1027 1549 (corr.
1049 1510 1112 1548 ΒΣ)
1241 1522 1256 1550 7
1283 1512 1456 1543 Aduerum
1473 1511 1538 1544 cod.

208 1554 303 1594 (corr.
324 1553 390 1584 ΒῚἸ
504 1555 525 1584 8
549 1554 626 1585 deu.
641 1553 837 1593 Saracenas,
853 1554 975 1585 Bothe:
1002 1555 1182 1585 reuortitur
1192 1554 1259 1586 cod.
1377 1566 1409 1586 11
1437 1557 1542 1596 gemi-

209 1608 284 1628 nam
312 1598 509 1628 Scutarius:
537 1598 685 1637 geminat
712 1597 778 1630 cod.
880 1598 1030 1629 mulieris
1057 1598 1295 1629 Camerarius:
1328 1599 1448 1630 mulier
1470 1598 1538 1631 cod.

213 1651 250 1671 12
274 1641 394 1672 adesse
411 1640 572 1680 Pylades:
596 1641 643 1672 ait
660 1651 737 1673 esse
753 1640 820 1673 cod.
960 1651 997 1680 14
1021 1646 1162 1682 spernat
1178 1641 1243 1672 cod.
1268 1651 1359 1682 gcorr.
1373 1642 1434 1683 ΒΤ)
