1747 2740
548 150 720 190 MILES
751 151 1066 191 GLORIOSVS
1403 151 1472 188 IV.
1494 149 1524 187 ii

143 262 217 299 M1.
258 261 420 310 quomq'
454 273 518 298 me
551 258 757 298 oratricem
792 259 870 296 hau
905 257 1085 308 spreuisti
1120 257 1282 307 sistique
1317 271 1476 296 exorare

1357 338 1403 361 ex
1424 331 1472 361 te.

141 391 238 442 quid
267 392 355 430 est?
394 398 436 430 ut
466 392 593 430 ludo?
650 392 719 428 ΡΑ.
752 404 908 440 nequeo
940 391 1070 428 hercle
1100 389 1286 439 equidem
1318 386 1474 441 risu[m]
1494 395 1535 435 85

891 454 1184 493 admoderarier
1200 470 1206 492 :
1237 453 1434 506 <hahahae
1452 452 1478 504 l>

144 523 216 559 M1.
249 520 302 559 ob
322 534 409 560 earn
430 534 610 560 caussam
631 521 709 558 huc
725 533 795 570 aps
816 527 854 558 te
869 519 1006 558 auorti.
1068 521 1136 557 Px:
1170 533 1250 557 non
1272 520 1413 568 edepol
1435 525 1476 556 tu

1215 583 1301 630 scis,
1326 583 1475 630 mulier,

36 663 120 701 1075
142 658 335 702 quantum
360 665 433 702 ego
457 652 650 690 honorem
675 664 782 689 nunc
809 650 864 688 illi
891 650 1031 689 habeo.
1094 651 1166 687 M1.
1201 649 1283 687 scio
1311 656 1348 687 et
1378 648 1478 686 istuc

1259 713 1313 751 illi
1335 713 1476 751 dicam.

144 784 212 822 ΡΑ.
244 790 382 822 contra
401 796 497 822 auro
517 781 583 820 alii
604 783 707 821 hanc
729 783 902 821 uendere
924 780 1052 832 potuit
1073 793 1247 831 operam.
1307 781 1380 817 M1.
1413 779 1479 828 pol

1133 845 1233 883 istuc
1255 844 1325 883 tibi
1346 845 1477 883 credo.

144 915 212 951 ΡΑ.
246 912 342 951 meri
364 913 571 952 bellatores
592 913 813 963 gignuntur,
838 926 935 963 quas
956 911 1021 950 hic
1042 910 1262 961 praegnatis
1284 909 1386 957 fecit,

143 987 182 1018 et
202 978 311 1029 pueri
332 993 458 1017 annos
480 979 728 1028 octingentos
749 978 899 1016 uiuont.
962 979 1035 1015 M1.
1068 990 1141 1015 uae
1163 975 1243 1022 tibi,
1269 983 1434 1026 nugator
1453 977 1460 1012 l
1497 987 1541 1020 90

145 1046 213 1083 ΡΥ.
246 1044 341 1095 quin
370 1044 477 1083 mille
503 1057 699 1082 annorum
726 1051 918 1094 perpetuo
940 1042 1080 1080 uiuont
1100 1041 1151 1079 ab
1179 1042 1309 1079 saeclo
1329 1042 1380 1079 ad
1400 1054 1480 1079 sae-

1361 1108 1479 1145 clum.

6 1188 8 1194 ·
38 1181 128 1214 1080
147 1179 216 1215 PA.
247 1190 296 1215 eo
317 1176 438 1214 minu'
454 1175 534 1214 dixi
554 1190 604 1214 ne
621 1177 718 1214 haec
735 1182 912 1213 censeret
934 1188 996 1212 me
1012 1175 1227 1212 aduorsum
1249 1186 1290 1211 se
1311 1172 1478 1211 mentiri.

147 1244 219 1280 M1.
252 1241 375 1292 perii!
413 1249 512 1291 quot
541 1240 605 1279 hic
632 1240 716 1291 ipae
742 1254 869 1278 annos
896 1239 1016 1286 uiuet,
1039 1239 1181 1289 quoius
1210 1238 1277 1276 filii
1302 1246 1381 1276 tam
1412 1238 1480 1276 diu

1311 1305 1452 1343 uiuont
1465 1305 1482 1341 ?

145 1375 212 1412 ΡΥ.
246 1373 452 1424 postriduo
473 1380 587 1411 natus
609 1386 696 1411 sum
713 1386 796 1422 ego,
817 1371 967 1419 mulier,
990 1385 1109 1422 quam
1133 1370 1310 1421 Iuppiter
1331 1384 1377 1408 ex
1393 1370 1482 1419 Ope

1336 1441 1479 1472 natust.

146 1507 215 1543 ΡΑ.
248 1504 279 1543 si
314 1504 378 1543 hic
412 1504 537 1554 pridie
571 1511 686 1542 natus
726 1505 825 1542 foret
863 1516 983 1553 quam
1019 1502 1083 1540 ille
1117 1510 1186 1548 est,
1223 1501 1287 1539 hic
1321 1500 1483 1538 haberet
1502 1515 1542 1547 95

1113 1581 1276 1617 regnum
1298 1566 1337 1603 in
1359 1567 1479 1603 caelo.

145 1637 218 1674 Mt.
243 1635 320 1674 iam
342 1635 418 1673 iarn
442 1643 511 1682 sat,
534 1635 689 1681 amabo,
714 1642 785 1672 est.
834 1633 949 1672 sinite
970 1633 1121 1679 abeam,
1142 1631 1173 1669 si
1194 1645 1368 1681 possum,
1391 1630 1483 1668 uiua

1311 1710 1334 1734 a
1355 1694 1481 1734 uobis,

38 1768 123 1812 1085
148 1769 215 1805 ΡΑ.
248 1765 344 1817 quin
372 1779 464 1816 ergo
484 1764 603 1812 abeis,
628 1765 790 1814 quando
812 1765 1113 1815 responsumst?
1171 1764 1243 1800 M1.
1277 1761 1343 1799 ibo
1364 1769 1483 1810 atque

1043 1829 1150 1867 illam
1172 1830 1250 1866 huc
1270 1829 1481 1872 adducam,

145 1906 302 1949 propter
335 1895 492 1949 (quam)
525 1910 644 1946 opera
683 1903 740 1934 est
781 1895 888 1933 mihi.
948 1894 1142 1944 numquid
1183 1893 1271 1931 uis?
1328 1894 1396 1929 ΡΥ.
1434 1905 1483 1930 ne

826 1960 939 2009 magi'
961 1960 1033 1997 sim
1057 1960 1220 2009 pulcher
1241 1971 1359 2007 quam
1382 1971 1483 2004 sum,

145 2029 197 2067 ita
233 2043 294 2067 me
330 2042 418 2067 mea
454 2029 577 2065 forma
612 2027 732 2065 habet
767 2026 992 2064 sollicitum.
1053 2027 1120 2062 l'ix.
1154 2023 1250 2073 quid
1281 2023 1344 2060 hic
1376 2037 1482 2060 nunc

833 2093 940 2129 stas?
970 2091 1065 2140 quin
1087 2090 1202 2128 abis?
1261 2091 1334 2126 M1.
1367 2089 1478 2126 abeo.

192 2210 273 2239 1072
298 2199 455 2239 quoniam
476 2199 560 2238 (qr'sss
580 2209 633 2228 me
650 2197 682 2227 B
793 2197 882 2226 haud
904 2196 1133 2226 sanzerarius:
1161 2195 1205 2224 hii
1226 2194 1294 2231 (hic
1315 2192 1401 2231 POE*
1415 2193 1479 2225 cod,

145 2254 187 2274 ex
209 2243 259 2284 te]
285 2244 372 2274 ixste
392 2242 459 2272 cod.
490 2246 601 2272 <exstet
620 2241 685 2280 17³)
825 2250 904 2278 1073
931 2239 1088 2278 equidem
1107 2239 1231 2268 Bollzc:
1257 2238 1391 2276 quidem
1413 2237 1476 2268 cod.

146 2288 212 2317 risu
238 2297 312 2317 meo
335 2287 420 2316 mod.
447 2285 543 2317 PCD:
571 2286 671 2315 risum
693 2295 730 2315 ac
753 2285 839 2314 mod.
864 2284 895 2313 Β
918 2294 971 2313 tac
991 2289 1052 2323 fro
1073 2288 1118 2314 at,
1137 2283 1192 2313 121‘.
1218 2283 1259 2311 ad
1278 2281 1353 2311 ἔειπ’
1367 2282 1479 2311 admo-

144 2332 295 2362 derarier
306 2329 517 2371 perdubt'um‘*
611 2329 763 2358 lmhahac·
781 2328 856 2358 add.
877 2326 1093 2358 Slndenmnd
1119 2327 1176 2356 1iii.
1206 2326 1242 2364 45
1402 2335 1481 2363 1079

143 2375 225 2414 quin
252 2374 352 2405 Ital.:
386 2375 442 2414 qui
475 2373 539 2406 cod.
572 2384 646 2403 cnm
671 2372 763 2402 codd.
794 2372 898 2402 Nonii
925 2382 989 2410 499
1077 2370 1212 2400 sacculo
1239 2369 1327 2399 solid.
1357 2369 1481 2398 Nouis:

144 2419 236 2449 sacio
266 2418 357 2457 (ss-ti03
387 2417 451 2448 cod.
480 2418 577 2458 gipro
588 2418 612 2458 1)
752 2417 835 2447 1086
868 2425 967 2455 quam
993 2413 1068 2445 add.
1095 2414 1224 2453 Bmtlcy
1314 2413 1361 2444 vel
1387 2423 1481 2451 mage

148 2463 228 2502 1087
254 2462 381 2494 habent
398 2462 464 2493 cod.
