1747 2740
191 129 239 167 V.
264 130 310 167 iii
689 131 736 168 T.
770 130 952 170 MACCI
983 130 1190 169 PLAVTI

202 255 243 286 45
270 241 346 278 DA.
379 240 586 291 uapulabis
607 240 773 278 uerbum
796 238 826 277 si
847 239 972 278 addes
994 238 1070 278 isto
1090 253 1228 278 unum.
1279 241 1357 280 GR.
1390 242 1455 280 uel
1474 242 1606 281 hercle

1479 307 1603 355 enim,

266 384 347 409 non
369 371 511 409 tacebo
533 384 723 420 umquam
745 369 823 409 alio
845 377 962 421 pacto
983 369 1058 409 nisi
1080 372 1230 410 talento
1250 371 1502 422 comprimor.

267 437 340 474 LA.
371 435 441 474 tibi
472 450 633 487 operam
662 435 894 486 hicquidem
916 436 994 475 dat.
1056 443 1153 476 tace.
1215 438 1291 475 DA.
1325 438 1504 476 concede
1527 438 1605 476 hoc

1157 509 1210 548 tu,
1235 502 1336 540 leno.
1398 503 1468 540 LA.
1500 501 1602 541 licet.

266 568 344 606 GR.
391 567 520 618 palam
551 580 634 617 age,
666 568 761 605 nolo
794 580 868 617 ego
907 565 1197 605 murmurillum
1232 580 1364 618 neque
1403 581 1604 606 susurrum

1510 632 1602 671 fieri.

268 700 343 737 DA.
376 698 441 737 dic
458 697 554 736 mihi
575 697 713 748 quanti
734 696 840 736 illam
862 696 991 736 emisti
1013 704 1122 736 tuam
1139 698 1301 736 alteram
1319 697 1602 745 mulierculam,
1629 710 1714 747 1405

201 779 246 811 50
267 763 567 814 Ampeliscam?
625 766 697 802 LA.
730 762 836 802 mille
858 777 1067 802 nummum
1094 763 1364 802 denumeraui.
1427 765 1503 801 DA.
1536 763 1604 801 uin

1535 828 1605 868 tibi

265 894 546 934 condicionem
568 896 810 933 luculentam
833 896 930 933 ferre
951 896 1046 934 me?
1105 896 1174 932 LA.
1208 908 1303 934 sane
1324 895 1428 934 uolo.

268 962 345 999 DA.
376 959 586 1000 diuiduom
609 961 801 999 talentum
823 959 976 998 faciam.
1029 961 1099 998 LA.
1135 960 1237 998 bene
1258 959 1363 998 facis.
1426 961 1501 997 DA.
1534 972 1605 1010 pro

1387 1024 1452 1063 illa
1471 1026 1603 1071 altera,

265 1093 389 1132 libera
408 1100 450 1131 ut
472 1091 531 1139 sit,
556 1090 765 1131 dimidium
789 1090 859 1129 tibi
882 1104 1007 1139 sume,
1029 1090 1241 1130 dimidium
1264 1091 1343 1129 huc
1362 1091 1474 1129 cedo.

268 1161 338 1197 LA.
372 1171 565 1197 maxume.
628 1159 704 1195 DA.
737 1170 808 1207 pro
837 1155 904 1195 illo
935 1156 1103 1195 dimidio
1133 1170 1207 1207 ego
1229 1155 1397 1207 Gripum
1425 1155 1602 1194 emittam
1628 1168 1718 1203 1410

1470 1235 1602 1269 manu,

203 1307 244 1339 55
267 1304 387 1342 quem
408 1297 566 1341 propter
588 1297 629 1328 tu
651 1288 832 1327 uidulum
854 1295 892 1327 et
914 1301 987 1338 ego
1007 1296 1168 1338 gnatam
1189 1287 1337 1327 inueni.
1398 1289 1468 1326 LA.
1502 1287 1604 1326 bene

1495 1352 1601 1401 facis,

264 1421 427 1472 gratiam
449 1421 579 1460 habeo
601 1432 794 1469 magnam.
848 1420 925 1458 GR.
959 1432 1079 1469 quam
1101 1432 1194 1458 mox
1215 1417 1269 1457 mi
1289 1425 1494 1469 argentum
1511 1431 1604 1469 ergo

1404 1483 1604 1523 redditur?

267 1555 344 1593 DA.
376 1567 436 1592 res
470 1553 598 1592 soluta
632 1558 703 1600 est,
740 1550 872 1602 Gripe.
933 1563 1006 1600 ego
1047 1549 1189 1588 habeo.
1250 1552 1326 1589 GR.
1359 1549 1398 1588 at
1432 1562 1506 1600 ego
1541 1547 1603 1588 me'

1278 1615 1409 1653 hercle
1430 1615 1601 1653 mauolo.

268 1686 344 1724 DA.
377 1683 474 1722 nihil
504 1683 634 1721 hercle
664 1680 728 1720 hic
758 1680 829 1719 tibi
860 1688 929 1727 est,
962 1679 1011 1719 ne
1043 1688 1084 1719 tu
1115 1693 1257 1730 speres.
1329 1678 1422 1717 iuris
1449 1677 1602 1718 iurandi

1511 1745 1603 1782 uolo

267 1813 429 1866 gratiam
451 1812 582 1851 facias.
642 1813 718 1851 GR.
752 1810 848 1862 perii
870 1812 1001 1850 hercle
1019 1814 1025 1849 l
1056 1809 1131 1849 nisi
1153 1823 1216 1849 me
1237 1809 1440 1860 suspendo
1460 1807 1600 1847 occidi.
1626 1821 1714 1859 1415

207 1887 249 1919 60
268 1892 487 1930 numquam
517 1879 648 1917 hercle
679 1877 820 1916 iterum
843 1875 1074 1916 defrudabis
1105 1888 1169 1914 me
1190 1874 1352 1925 quidem
1380 1881 1470 1924 post
1496 1874 1604 1912 hunc

1483 1937 1600 1978 diem.

270 2012 346 2049 DA.
380 2009 443 2048 hic
464 2008 585 2048 hodie
607 2015 760 2055 cenato,
784 2008 885 2046 leno.
950 2008 1020 2044 LA.
1053 2006 1131 2053 fiat,
1156 2003 1342 2044 condicio
1364 2005 1502 2055 placet.

271 2078 347 2115 DA.
380 2074 591 2125 sequimini
614 2074 726 2112 intro.
842 2079 1095 2123 spectatores,
1118 2084 1190 2109 uos
1211 2083 1372 2121 quoque
1392 2070 1443 2108 ad
1463 2081 1603 2108 cenam

1448 2147 1602 2180 uocem,

318 2256 396 2285 1401
424 2246 529 2277 addes
553 2244 648 2276 Ital.:
674 2244 762 2275 adde
787 2242 852 2273 cod.
874 2253 880 2273 :
905 2241 1002 2272 addis
1023 2240 1089 2272 Leo
1179 2249 1281 2270 unum
1304 2240 1387 2270 istuc
1413 2239 1497 2279 (-tuc
1521 2236 1604 2277 cod.)

272 2290 350 2321 Reiz
499 2299 580 2329 1403
605 2294 679 2319 tace
709 2286 865 2318 Gnirtus:
902 2286 1020 2316 tacebo
1053 2283 1139 2315 codd.
1179 2285 1271 2322 (fort.
1301 2289 1363 2325 pro
1387 2282 1454 2314 GR.
1489 2287 1605 2320 tace03

269 2346 298 2375 v,
316 2346 346 2374 p.
365 2335 421 2373 78)
527 2343 607 2372 1404
632 2342 696 2371 ego
713 2330 802 2362 codd.
820 2329 928 2360 Nonii
945 2340 1003 2368 142
1021 2340 1026 2359 :
1052 2340 1118 2359 om.
1136 2327 1203 2358 cod.
1302 2327 1384 2366 1408
1409 2326 1490 2356 sacis
1506 2325 1581 2358 Ital.
1596 2336 1603 2354 :

271 2379 372 2410 facias
404 2376 470 2409 cod.
608 2386 690 2415 1409
722 2375 797 2405 huic
823 2374 897 2404 PCD
923 2375 972 2413 (tf
998 2372 1160 2411 ad1387)
1314 2380 1395 2409 1413
1427 2369 1541 2400 hercle
1571 2373 1605 2399 at

270 2433 335 2462 ego
353 2432 405 2453 me
423 2420 489 2453 cod.
505 2432 512 2451 :
539 2420 614 2452 trat'.
632 2417 850 2452 Studcmund
956 2427 1037 2456 1415
1063 2416 1164 2447 facias
1181 2415 1254 2447 Ital.
1269 2426 1276 2447 :
1302 2413 1419 2445 faciam
1435 2412 1501 2446 cod.
