1747 2740
652 90 1056 129 MOSTELLARIA
1483 94 1513 132 Ι.
1533 93 1573 131 ἰ-

182 213 272 239 nam
295 214 369 252 ego
388 201 498 239 illum
520 208 747 252 corruptum
768 203 874 240 duco
895 216 1014 252 quom
1039 202 1097 240 his
1120 202 1229 241 factis
1251 204 1382 242 studet
1401 217 1410 250 ;

116 279 163 314 30
181 281 262 317 quo
283 281 402 305 nemo
422 268 602 317 adaeque
623 266 828 306 iuuentute
850 282 896 307 cx
917 268 1025 306 omni
1048 268 1180 307 Attica

178 333 348 370 antehac
369 340 427 370 est
449 331 606 370 habitus
627 345 767 382 parcus
789 346 862 371 nec
886 333 998 383 magi’
1020 333 1241 381 continens,
1537 351 1577 380 30

179 397 209 435 is
231 411 337 436 nunc
358 397 398 435 in
418 397 534 435 aliam
557 405 705 447 partem
730 400 902 448 palmam
926 398 1113 449 possidet.

178 463 321 502 uirtute
342 463 382 502 id
403 464 549 501 factum
572 470 638 501 tua
659 471 695 501 et
718 463 942 513 magisterio
964 472 1042 503 tuo.

177 530 253 567 TR.
286 528 383 579 quid
405 528 485 574 tibi,
511 529 669 575 malum,
694 530 786 567 me'd
806 537 873 567 aut
895 529 990 580 quid
1013 543 1086 580 ego
1107 543 1219 580 agam
1242 529 1462 568 curatiost?

112 609 153 647 35
174 608 225 633 an
247 593 337 641 ruri,
358 607 516 644 quaeso,
541 607 622 632 non
643 601 735 632 sunt
756 608 856 644 quos
877 608 988 633 cures
1011 595 1165 634 boues?

175 660 284 698 lubet
305 666 450 710 potare,
475 672 617 706 amare,
641 666 769 697 scorta
790 660 945 698 ducere.
1533 673 1573 705 35

175 724 252 763 mei
273 723 369 775 tergi
390 723 491 762 facio
512 725 621 770 haec,
644 738 725 763 non
747 723 802 762 tui
824 725 979 763 fiducia.

174 791 251 829 GR.
284 804 404 841 quam
425 790 672 829 confidenter
693 789 867 840 loquitur
888 788 986 843 [fue]
1005 794 1011 828 1
1069 792 1144 829 ΤΗ.
1177 798 1216 829 at
1237 798 1275 829 te
1297 790 1476 841 Iuppiter

173 855 293 906 dique
314 869 453 894 omnes
475 856 641 906 perdant
659 858 664 893 !
685 854 743 907 <fu
761 854 787 907 !>
806 855 993 894 oboluisti
1014 856 1135 894 alium

107 934 154 967 40
173 920 376 972 (germana
396 919 575 968 inluvies,
596 920 775 967 rusticus,
798 920 939 967 hircus,
963 922 1057 958 hara
1077 921 1186 971 suis),

170 999 322 1033 canem,
345 999 503 1036 capram
525 984 792 1023 commixtam.
853 987 930 1023 GR.
963 985 1061 1035 quid
1084 986 1143 1024 uis
1166 985 1278 1024 fieri?
1527 1003 1571 1034 40

170 1065 251 1091 non
272 1064 411 1090 omnes
432 1057 599 1101 possunt
619 1052 725 1089 olere
746 1058 948 1101 unguenta
969 1051 1132 1098 exotica,

169 1117 200 1155 si
222 1119 262 1155 tu
284 1118 378 1164 oles,
401 1129 532 1166 neque
553 1115 772 1166 superiores
793 1117 1029 1154 accumbere

60 1197 145 1235 44-5
169 1196 299 1233 neque
320 1189 400 1220 tam
422 1181 557 1220 facetis
579 1195 699 1232 quam
721 1189 762 1220 tu
784 1181 885 1220 uiuis
906 1181 1090 1221 uictibus.

169 1255 211 1286 tu
232 1247 303 1286 tibi
325 1247 420 1286 istos
441 1247 588 1285 habeas
610 1254 789 1293 turtures,
813 1246 942 1297 piscis,
965 1247 1063 1296 auis,

169 1313 254 1352 sine
276 1326 339 1352 me
359 1312 478 1352 aliato
499 1311 607 1363 fungi
630 1314 805 1351 fortunas
827 1326 945 1351 meas.
1525 1326 1567 1359 45

168 1386 211 1417 tu
232 1380 474 1425 fortunatu's,
499 1391 571 1429 ego
593 1377 710 1417 miser
729 1394 735 1417 :
766 1377 957 1429 patiunda
978 1385 1079 1416 sunt.

40 1455 150 1493 49-50
169 1457 303 1483 meum
325 1444 475 1482 bonum
499 1457 573 1491 me,
597 1451 634 1482 te
655 1450 766 1482 tuom
787 1451 945 1482 maneat
966 1445 1124 1482 malum.

168 1511 245 1548 TR.
280 1508 392 1559 quasi
414 1508 592 1548 inuidere
613 1508 710 1546 mihi
731 1509 808 1547 hoc
828 1508 974 1556 uidere,
999 1508 1180 1557 Grumio,

167 1574 261 1625 quia
281 1574 377 1613 mihi
399 1575 501 1614 bene
522 1582 581 1614 est
602 1582 640 1614 et
661 1574 731 1613 tibi
754 1576 856 1612 male
877 1582 960 1622 est,-
989 1574 1342 1625 dignissumumst:

166 1641 282 1680 decet
303 1640 395 1679 med
415 1654 547 1679 amare
567 1648 606 1679 et
627 1648 664 1679 te
686 1639 976 1687 bubulcitarier‚
1523 1656 1564 1688 50

166 1719 230 1745 me
251 1705 429 1745 uictitare
450 1707 623 1756 pulchre,
647 1713 684 1744 te
706 1705 856 1744 miseris
878 1705 1018 1744 modis.

103 1782 144 1820 55
166 1772 244 1810 GR.
277 1785 300 1810 o
321 1771 579 1810 carnuficium
601 1771 782 1818 cribrum,
807 1773 917 1821 quod
938 1773 1058 1811 credo
1081 1773 1173 1819 fore,

164 1836 218 1875 ita
238 1844 276 1876 te
297 1838 481 1876 forabunt
502 1837 764 1888 patibulatum
786 1851 855 1888 per
875 1837 959 1876 uias

164 1902 343 1950 stimulis,
395 1917 413 1937 »κ
463 1902 494 1941 si
515 1903 593 1941 huc
614 1902 789 1941 reueniat
810 1916 942 1941 senex.

163 1969 241 2006 TR.
273 1967 341 2019 qui
361 1968 437 2007 scis
457 1982 507 2006 an
529 1967 599 2007 tibi
621 1967 720 2007 istuc
741 1967 899 2007 eueniat
919 1968 1015 2019 priu’
1037 1982 1156 2019 quam
1179 1968 1305 2007 mihi?
1517 1986 1558 2018 55

205 2083 248 2113 29
271 2073 346 2104 dico
363 2071 410 2103 B2'
510 2082 549 2111 31
576 2073 626 2103 vel
639 2083 738 2112 mage
879 2083 920 2112 34
946 2073 995 2103 vel
1009 2084 1062 2104 me
1082 2075 1140 2104 (ita
1157 2073 1241 2112 cod.)
1376 2074 1418 2113 38
1444 2074 1499 2104 sue

162 2116 219 2148 del.
238 2117 367 2148 Ritschl
382 2117 434 2157 (cf
452 2127 479 2147 v.
500 2117 559 2155 39)
726 2127 768 2156 39
792 2117 824 2147 su
843 2117 919 2148 add.
937 2117 1063 2147 Rz'tschl
1093 2118 1129 2157 cf.
1150 2128 1177 2148 v.
1196 2117 1253 2157 38)
1359 2128 1402 2156 40
1415 2118 1496 2157 sort.

163 2162 297 2199 rustica,
327 2171 409 2191 nam
438 2161 584 2191 rusticus
607 2158 721 2191 hircus
747 2165 932 2201 suspectum
1047 2161 1098 2191 sui
1117 2161 1184 2192 cod.
1330 2171 1369 2200 41
1397 2171 1499 2191 canes

162 2214 264 2244 capro
281 2205 462 2235 commixta
478 2203 638 2244 Scaliger:
665 2213 772 2235 caeno
788 2203 910 2244 κοπρὼν
922 2215 992 2235 com
1000 2205 1102 2235 mixte
1114 2204 1178 2235 Leo
1331 2214 1374 2244 43
1398 2215 1497 2245 supe-

163 2248 270 2280 riores
290 2247 371 2279 Leo:
398 2248 554 2287 superior
572 2246 657 2285 PCD,
674 2249 830 2287 superior
846 2259 946 2288 quam
965 2258 1043 2279 crus
1061 2248 1094 2278 Β
1217 2250 1259 2286 46
1282 2249 1341 2279 tibi
1359 2249 1499 2279 obustos

164 2294 246 2333 (pro
263 2297 285 2323 t.
306 2292 391 2322 habe
409 2293 494 2323 istos
506 2293 528 2323 3]
548 2290 636 2322 codd.
653 2290 763 2322 Sewii
776 2292 811 2322 in
827 2292 895 2323 buc.
920 2301 946 2327 1,
965 2292 1007 2330 58
1083 2292 1175 2322 aueis
1191 2291 1234 2322 Βι
1325 2303 1365 2331 47
1387 2294 1498 2324 aleato

162 2335 228 2367 cod.
250 2335 553 2376 {vulgam'sfornm}
573 2347 579 2365 :
603 2335 740 2365 aliatum
757 2335 819 2366 alii
959 2345 1000 2374 53
1024 2336 1072 2366 vel
1088 2346 1139 2366 me
1160 2337 1219 2372 iila
1237 2336 1322 2377 cod.)
1456 2346 1498 2375 55

163 2380 356 2411 carnificum
374 2379 439 2411 cod.
461 2391 467 2410 :
491 2389 568 2409 corr.
590 2378 730 2418 Pylades
818 2388 859 2418 57
885 2383 926 2410 st.
944 2378 1177 2423 (carnaticos)
1191 2379 1275 2419 Le0;
1292 2380 1330 2420 cf.
1351 2379 1398 2410 ad
1411 2390 1438 2411 v.
1456 2390 1493 2410 21
