1747 2740
660 128 954 167 POENVLVS
1427 133 1473 169 V.
1500 131 1514 168 i

54 251 120 289 955
142 241 211 280 sed
233 241 296 280 hic
317 241 413 280 mihi
433 242 600 281 antehac
622 243 766 292 hospes
788 241 1023 281 Antidamas
1044 243 1140 291 fuit3

140 320 232 345 eum
252 307 391 346 secisse
410 307 520 346 aiunt
540 307 614 345 sibi
635 309 745 357 quod
767 307 994 346 faciundum
1018 308 1098 346 suit.

139 371 223 410 eius
245 371 366 410 filiurn
388 386 473 410 esse
493 372 557 410 hic
578 372 808 422 praedicant
828 374 1150 422 Agorastoclem:

138 439 189 475 ad
210 450 300 475 eum
323 436 558 487 hospitalem
581 438 683 475 hanc
704 444 890 476 tesseram
913 452 1069 476 mecum
1092 440 1172 477 fero
1188 454 1198 487 3

139 501 170 539 is
191 501 229 539 in
252 501 359 540 hisce
380 501 556 540 habitare
578 510 834 541 monstratust
854 503 1090 553 regionibus.
1496 522 1536 552 30

51 571 120 616 960
139 567 210 604 hos
232 567 494 617 percontabor
514 567 581 618 qui
602 567 694 606 hinc
715 568 967 619 egrediuntur
987 570 1100 608 foras.

236 680 685 717 AGORASTOCLES
799 681 1057 718 MILPHIO
1171 683 1377 720 HANNo
1492 679 1521 716 ii

137 763 211 800 AG.
244 761 323 799 Ain
344 769 385 800 tu
407 761 477 800 tibi
499 761 588 800 dixe
610 764 899 812 Syncerastum,
925 763 1107 814 Milphio,

135 842 200 867 eas
222 828 306 867 e'sse
327 829 517 878 ingenuas
537 830 675 867 ambas
696 829 948 879 surrupticias

137 894 502 944 Carthaginiensis?
560 896 632 932 M1.
665 895 738 942 aio,
763 903 811 942 et,
836 895 865 933 si
888 896 985 946 frugi
1007 909 1091 935 esse
1113 896 1182 943 uis,

136 974 201 998 eas
222 960 371 999 liberali
393 960 471 998 iam
492 961 650 999 adseres
672 974 808 999 caussa
830 974 960 999 manu.

44 1032 112 1077 965
135 1039 227 1064 nam
249 1033 359 1064 tuom
380 1025 608 1075 flagitiumst
630 1034 716 1064 tuas
737 1033 775 1063 te
795 1026 994 1076 popularis
1015 1026 1094 1076 pati
1492 1046 1509 1076 5

134 1091 278 1130 seruire
298 1097 389 1129 ante
411 1092 559 1138 oculos,
583 1091 693 1129 domi
714 1104 815 1141 quae
836 1091 979 1130 fuerint
1000 1091 1154 1130 liberae.

134 1158 215 1195 HA.
248 1169 319 1206 pro
340 1155 378 1194 di
403 1155 640 1202 inmortales,
667 1169 832 1207 opsecro
853 1165 1025 1195 nostram
1049 1158 1168 1195 fidem
1189 1160 1195 1195 l

133 1235 253 1272 quarn
274 1221 493 1260 orationem
515 1222 618 1259 hanc
639 1235 750 1260 aures
771 1223 928 1260 dulcem
951 1223 1173 1261 deuorant?

134 1295 274 1326 cretast
297 1302 314 1322 >se
337 1288 515 1338 profecto
535 1288 676 1325 horum
698 1287 904 1325 bominum
927 1287 1061 1326 oratio.

45 1366 116 1404 970
134 1361 176 1391 ut
197 1353 250 1391 mi
269 1360 536 1404 apsterserunt
557 1366 718 1391 omnem
740 1352 1026 1391 sorditudinem
1045 1356 1051 1391 1
1493 1370 1530 1391 10

134 1421 208 1457 AG.
241 1419 272 1458 si
292 1421 342 1458 ad
363 1432 450 1458 earn
473 1432 554 1457 rem
577 1418 685 1457 testis
708 1418 887 1464 habeam,
910 1417 1049 1456 faciam
1073 1419 1181 1468 quod
1203 1418 1324 1457 iubes.

134 1485 207 1522 M1.
240 1485 336 1536 quid
357 1493 399 1524 tu
421 1485 516 1523 mihi
539 1485 678 1523 testis?
708 1483 803 1534 quin
825 1491 866 1521 tu
888 1482 1032 1522 insistis
1054 1483 1230 1522 fortiter?

130 1550 262 1600 aliqua
284 1553 456 1591 Fortuna
477 1551 590 1590 fuerit
613 1549 781 1589 adiutrix
803 1548 884 1587 tibi.

132 1617 206 1653 AG.
239 1616 410 1668 incipere
431 1620 592 1656 multost
614 1630 733 1667 quam
758 1615 966 1664 impetrare
986 1614 1147 1653 facilius.

45 1691 110 1728 975
134 1682 206 1719 M1.
239 1683 308 1721 sed
329 1683 430 1733 quae'
451 1683 563 1722 illaec
583 1683 667 1721 auis
689 1690 747 1721 est
770 1694 872 1731 quae
892 1681 970 1718 huc
991 1693 1080 1718 cum
1106 1680 1249 1719 tunicis
1273 1682 1466 1721 aduenit?
1490 1698 1525 1730 ¹5

131 1760 321 1785 numnam
342 1748 381 1786 in
403 1749 567 1787 balineis
591 1748 901 1787 circumductust
924 1746 1072 1796 pallio?

130 1814 204 1850 Ac.
237 1813 355 1852 facies
375 1814 535 1864 quidem
559 1815 701 1864 edepol
727 1813 924 1851 Punicast.
983 1819 1145 1861 guggast
1167 1813 1299 1850 homo.

131 1879 204 1916 M1.
236 1892 370 1917 seruos
391 1879 552 1930 quidem
574 1881 717 1930 edepol
740 1886 891 1918 ueteres
913 1877 1178 1927 antiquosque
1200 1878 1319 1916 habet

173 1995 236 2026 957
261 1987 314 2017 hic
332 1988 528 2026 praedicant
545 1998 622 2019 esse
638 1987 671 2018 P
811 1988 875 2027 958
900 1989 942 2018 ad
961 1987 1053 2029 eum]
1080 1997 1190 2018 meum
1210 1986 1305 2023 (Tut
1318 1986 1400 2026 vid.)
1419 1987 1468 2018 vel

129 2030 228 2060 deum
246 2029 349 2070 {PBG}
371 2030 403 2060 Ρ
531 2042 595 2071 959
621 2033 649 2062 is
663 2043 729 2063 om.
753 2031 784 2062 Ρ
882 2032 1026 2062 abitrare
1043 2032 1076 2061 A
1197 2032 1262 2070 960
1287 2030 1380 2071 hinc]
1400 2031 1464 2062 huc

128 2072 162 2102 P
290 2076 355 2113 962
379 2075 453 2115 eas]
471 2085 509 2106 as
526 2075 558 2105 Ρ
686 2077 750 2115 964
778 2076 841 2106 iam
861 2087 926 2106 om.
946 2076 979 2105 A
1073 2077 1194 2106 adsere
1210 2075 1244 2105 P
1329 2085 1462 2105 manum

129 2115 244 2146 Apcn
391 2120 454 2158 965
480 2119 650 2159 popularis
679 2125 711 2150 tc
745 2119 777 2149 P
936 2121 1010 2158 968.
1038 2121 1104 2158 969
1136 2119 1263 2149 imvm-<0
1296 2119 1407 2149 ordine
1433 2118 1467 2149 Ρ

128 2161 192 2198 969
216 2161 272 2191 vix
288 2167 412 2192 cretast
429 2161 598 2206 (cretast)
657 2163 784 2205 (haec)
802 2163 931 2193 horunc
948 2163 1083 2203 chpert
1240 2175 1305 2203 970
1330 2163 1408 2193 mihi
1429 2163 1462 2193 hi

127 2203 193 2234 cod.
213 2208 276 2245 opt.
297 2205 402 2236 Nonii
420 2216 478 2245 173
499 2207 573 2247 (pro
592 2207 633 2237 mi
654 2208 662 2238 i
681 2213 872 2247 apstersere
890 2208 939 2237 vel
955 2212 1047 2237 -runt
1063 2208 1085 2230 ll
1179 2219 1241 2247 971
1270 2208 1459 2238 habeantA

127 2257 192 2286 972
215 2249 295 2286 quid
313 2255 346 2280 tu
364 2249 438 2281 Ital.
459 2262 465 2281 ε
489 2251 582 2290 quitu
601 2250 633 2280 A
654 2263 660 2281 :
684 2256 788 2290 quntu
809 2250 901 2284 (PBC
916 2255 953 2281 ul
963 2250 1026 2281 vid.
1047 2263 1053 2280 :
1078 2256 1202 2290 quantu
1223 2252 1261 2281 B*
1282 2253 1330 2283 vel
1343 2262 1407 2292 qua
1425 2256 1460 2281 tu

128 2291 193 2330 (T)
214 2291 246 2321 Ρ
352 2294 433 2333 quin
451 2294 503 2332 tu]
539 2295 632 2334 quitu
651 2295 706 2325 A:
747 2300 852 2333 quntu
897 2294 976 2324 PBC
995 2297 1030 2323 ut
1046 2294 1108 2326 vr'd.
1128 2307 1134 2326 τ
1159 2301 1284 2335 quantu
1303 2296 1352 2326 B:
1379 2296 1459 2335 quin

126 2339 160 2365 tu
178 2334 265 2367 pem
281 2337 330 2367 vel
343 2348 409 2377 quo
428 2342 462 2367 tu
486 2337 515 2368 T
577 2339 659 2378 fors.
678 2349 743 2378 quo
762 2344 795 2369 tu
815 2363 820 2368 .
844 2363 848 2369 .
868 2349 932 2377 qua
950 2343 984 2368 tu
1084 2349 1148 2377 975
1174 2340 1231 2369 sed
1251 2350 1416 2379 quaenam
1431 2338 1465 2369 P

125 2389 227 2418 quom
245 2384 266 2410 t.
285 2381 317 2411 Ρ
338 2382 626 2421 ζαηίιίμιΛῙΟΓιηα)
732 2383 796 2421 976
822 2382 854 2412 in
871 2382 1025 2412 abaliniis
1047 2382 1165 2422 fineis)
1184 2383 1217 2413 P
1319 2384 1457 2414 circum-

125 2423 245 2455 ductus
262 2423 296 2454 Ρ
425 2435 488 2465 977
516 2430 657 2465 guggast
676 2425 790 2466 homo]
810 2425 1060 2466 2111‘415121‘0111'dat
1078 2426 1142 2458 Leo
