<?xml version="1.0" encoding="UTF-8"?>
<!DOCTYPE html PUBLIC "-//W3C//DTD XHTML 1.0 Transitional//EN"
    "http://www.w3.org/TR/xhtml1/DTD/xhtml1-transitional.dtd">
<html xmlns="http://www.w3.org/1999/xhtml" xml:lang="en" lang="en">
 <head>
  <title>
</title>
<meta http-equiv="Content-Type" content="text/html;charset=utf-8" />
  <meta name='ocr-system' content='tesseract 3.04.00' />
  <meta name='ocr-capabilities' content='ocr_page ocr_carea ocr_par ocr_line ocrx_word'/>
</head>
<body>
  <div class='ocr_page' id='page_1' title='image "./comoediaerecogno02plau_0376.png"; bbox 0 0 1747 2740; ppageno 0'>
   <div class='ocr_carea' id='block_1_1' title="bbox 184 149 1202 192">
    <p class='ocr_par' dir='ltr' id='par_1_1' title="bbox 184 149 1202 192">
     <span class='ocr_line' id='line_1_1' title="bbox 184 149 1202 192; baseline 0.001 -2"><span class='ocrx_word' id='word_1_1' title='bbox 184 149 261 190; x_wconf 81' lang='lat'>11&#39;1.</span> <span class='ocrx_word' id='word_1_2' title='bbox 280 149 326 189; x_wconf 84' lang='lat' dir='ltr'>iii</span> <span class='ocrx_word' id='word_1_3' title='bbox 706 152 753 191; x_wconf 90' lang='lat' dir='ltr'>T.</span> <span class='ocrx_word' id='word_1_4' title='bbox 786 153 967 192; x_wconf 89' lang='lat' dir='ltr'><strong>MACCI</strong></span> <span class='ocrx_word' id='word_1_5' title='bbox 998 150 1202 191; x_wconf 88' lang='lat' dir='ltr'><strong>PLAVTI</strong></span> 
     </span>
    </p>
   </div>
   <div class='ocr_carea' id='block_1_2' title="bbox 217 262 1705 1747">
    <p class='ocr_par' dir='ltr' id='par_1_2' title="bbox 217 262 1705 1747">
     <span class='ocr_line' id='line_1_2' title="bbox 279 262 1617 315; baseline 0.001 -13"><span class='ocrx_word' id='word_1_6' title='bbox 279 265 314 302; x_wconf 93' lang='lat' dir='ltr'>T</span> <span class='ocrx_word' id='word_1_7' title='bbox 319 276 354 302; x_wconf 82' lang='lat' dir='ltr'>R.</span> <span class='ocrx_word' id='word_1_8' title='bbox 388 278 450 312; x_wconf 91' lang='lat' dir='ltr'>ne,</span> <span class='ocrx_word' id='word_1_9' title='bbox 482 264 656 315; x_wconf 84' lang='lat' dir='ltr'>inquam,</span> <span class='ocrx_word' id='word_1_10' title='bbox 693 264 853 311; x_wconf 76' lang='lat' dir='ltr'>timete3</span> <span class='ocrx_word' id='word_1_11' title='bbox 895 263 1064 302; x_wconf 82' lang='lat' dir='ltr'>adsidite</span> <span class='ocrx_word' id='word_1_12' title='bbox 1098 263 1162 302; x_wconf 90' lang='lat' dir='ltr'>hic</span> <span class='ocrx_word' id='word_1_13' title='bbox 1196 263 1236 302; x_wconf 90' lang='lat' dir='ltr'>in</span> <span class='ocrx_word' id='word_1_14' title='bbox 1270 277 1345 302; x_wconf 90' lang='lat' dir='ltr'>ara.</span> <span class='ocrx_word' id='word_1_15' title='bbox 1405 265 1488 302; x_wconf 83' lang='lat' dir='ltr'>AM.</span> <span class='ocrx_word' id='word_1_16' title='bbox 1519 262 1617 315; x_wconf 92' lang='lat' dir='ltr'>quid</span> 
     </span>
     <span class='ocr_line' id='line_1_3' title="bbox 1413 328 1619 368; baseline 0 -1"><span class='ocrx_word' id='word_1_17' title='bbox 1413 328 1533 368; x_wconf 86' lang='lat' dir='ltr'>istaec</span> <span class='ocrx_word' id='word_1_18' title='bbox 1552 343 1619 367; x_wconf 89' lang='lat' dir='ltr'>ara</span> 
     </span>
     <span class='ocr_line' id='line_1_4' title="bbox 280 392 1599 446; baseline -0.001 -13"><span class='ocrx_word' id='word_1_19' title='bbox 280 395 467 445; x_wconf 79' lang='lat' dir='ltr'>prodesse</span> <span class='ocrx_word' id='word_1_20' title='bbox 489 394 604 433; x_wconf 88' lang='lat' dir='ltr'>nobis</span> <span class='ocrx_word' id='word_1_21' title='bbox 623 392 747 446; x_wconf 72' lang='lat' dir='ltr'>(plus)</span> <span class='ocrx_word' id='word_1_22' title='bbox 767 400 897 444; x_wconf 90' lang='lat' dir='ltr'>potest</span> <span class='ocrx_word' id='word_1_23' title='bbox 916 407 1037 443; x_wconf 86' lang='lat' dir='ltr'>quam</span> <span class='ocrx_word' id='word_1_24' title='bbox 1059 392 1213 443; x_wconf 85' lang='lat' dir='ltr'>signum</span> <span class='ocrx_word' id='word_1_25' title='bbox 1235 393 1274 431; x_wconf 89' lang='lat' dir='ltr'>in</span> <span class='ocrx_word' id='word_1_26' title='bbox 1296 395 1389 432; x_wconf 87' lang='lat' dir='ltr'>fano</span> <span class='ocrx_word' id='word_1_27' title='bbox 1408 393 1474 432; x_wconf 89' lang='lat' dir='ltr'>hic</span> <span class='ocrx_word' id='word_1_28' title='bbox 1493 393 1599 432; x_wconf 90' lang='lat' dir='ltr'>intus</span> 
     </span>
     <span class='ocr_line' id='line_1_5' title="bbox 279 458 1705 509; baseline 0 -11"><span class='ocrx_word' id='word_1_29' title='bbox 279 459 456 505; x_wconf 88' lang='lat' dir='ltr'>Veneris,</span> <span class='ocrx_word' id='word_1_30' title='bbox 499 460 609 509; x_wconf 87' lang='lat' dir='ltr'>quod</span> <span class='ocrx_word' id='word_1_31' title='bbox 646 460 851 509; x_wconf 80' lang='lat' dir='ltr'>amplexae</span> <span class='ocrx_word' id='word_1_32' title='bbox 890 459 1023 505; x_wconf 91' lang='lat' dir='ltr'>modo,</span> <span class='ocrx_word' id='word_1_33' title='bbox 1062 459 1169 497; x_wconf 89' lang='lat' dir='ltr'>unde</span> <span class='ocrx_word' id='word_1_34' title='bbox 1207 458 1394 509; x_wconf 84' lang='lat' dir='ltr'>abreptae</span> <span class='ocrx_word' id='word_1_35' title='bbox 1432 472 1501 509; x_wconf 91' lang='lat' dir='ltr'>per</span> <span class='ocrx_word' id='word_1_36' title='bbox 1534 458 1615 497; x_wconf 90' lang='lat' dir='ltr'>uim</span> <span class='ocrx_word' id='word_1_37' title='bbox 1635 465 1705 507; x_wconf 90' lang='lat'>690</span> 
     </span>
     <span class='ocr_line' id='line_1_6' title="bbox 1425 522 1618 562; baseline 0.005 -1"><span class='ocrx_word' id='word_1_38' title='bbox 1425 522 1618 562; x_wconf 87' lang='lat' dir='ltr'>miserae?</span> 
     </span>
     <span class='ocr_line' id='line_1_7' title="bbox 218 588 1616 639; baseline -0.001 -11"><span class='ocrx_word' id='word_1_39' title='bbox 218 605 260 636; x_wconf 85' lang='lat'>30</span> <span class='ocrx_word' id='word_1_40' title='bbox 279 591 355 628; x_wconf 84' lang='lat' dir='ltr'>TR.</span> <span class='ocrx_word' id='word_1_41' title='bbox 388 590 523 628; x_wconf 88' lang='lat' dir='ltr'>sedete</span> <span class='ocrx_word' id='word_1_42' title='bbox 553 589 617 628; x_wconf 88' lang='lat' dir='ltr'>hic</span> <span class='ocrx_word' id='word_1_43' title='bbox 646 590 781 636; x_wconf 82' lang='lat' dir='ltr'>modo,</span> <span class='ocrx_word' id='word_1_44' title='bbox 802 602 875 639; x_wconf 84' lang='lat' dir='ltr'>ego</span> <span class='ocrx_word' id='word_1_45' title='bbox 903 588 996 627; x_wconf 90' lang='lat' dir='ltr'>hinc</span> <span class='ocrx_word' id='word_1_46' title='bbox 1023 602 1095 627; x_wconf 90' lang='lat' dir='ltr'>uos</span> <span class='ocrx_word' id='word_1_47' title='bbox 1122 596 1255 628; x_wconf 89' lang='lat' dir='ltr'>tamen</span> <span class='ocrx_word' id='word_1_48' title='bbox 1283 589 1451 628; x_wconf 89' lang='lat' dir='ltr'>tutabor.</span> <span class='ocrx_word' id='word_1_49' title='bbox 1510 602 1616 627; x_wconf 89' lang='lat' dir='ltr'>aram</span> 
     </span>
     <span class='ocr_line' id='line_1_8' title="bbox 1351 654 1618 693; baseline 0.004 -1"><span class='ocrx_word' id='word_1_50' title='bbox 1351 654 1495 693; x_wconf 88' lang='lat' dir='ltr'>habete</span> <span class='ocrx_word' id='word_1_51' title='bbox 1513 654 1618 693; x_wconf 81' lang='lat' dir='ltr'>hanc</span> 
     </span>
     <span class='ocr_line' id='line_1_9' title="bbox 279 719 1403 771; baseline -0.001 -12"><span class='ocrx_word' id='word_1_52' title='bbox 279 720 393 759; x_wconf 86' lang='lat' dir='ltr'>uobis</span> <span class='ocrx_word' id='word_1_53' title='bbox 415 734 485 771; x_wconf 88' lang='lat' dir='ltr'>pro</span> <span class='ocrx_word' id='word_1_54' title='bbox 507 719 653 767; x_wconf 85' lang='lat' dir='ltr'>castris,</span> <span class='ocrx_word' id='word_1_55' title='bbox 678 719 836 758; x_wconf 79' lang='lat' dir='ltr'>moenia</span> <span class='ocrx_word' id='word_1_56' title='bbox 857 719 950 757; x_wconf 86' lang='lat' dir='ltr'>hine</span> <span class='ocrx_word' id='word_1_57' title='bbox 971 733 1044 770; x_wconf 84' lang='lat' dir='ltr'>ego</span> <span class='ocrx_word' id='word_1_58' title='bbox 1065 733 1137 758; x_wconf 85' lang='lat' dir='ltr'>uos</span> <span class='ocrx_word' id='word_1_59' title='bbox 1158 720 1378 758; x_wconf 85' lang='lat' dir='ltr'>defensabo</span> <span class='ocrx_word' id='word_1_60' title='bbox 1391 733 1403 767; x_wconf 71' lang='lat'>5</span> 
     </span>
     <span class='ocr_line' id='line_1_10' title="bbox 278 784 1403 836; baseline -0.001 -13"><span class='ocrx_word' id='word_1_61' title='bbox 278 785 475 836; x_wconf 89' lang='lat' dir='ltr'>praesidio</span> <span class='ocrx_word' id='word_1_62' title='bbox 498 785 662 824; x_wconf 85' lang='lat' dir='ltr'>Veneris</span> <span class='ocrx_word' id='word_1_63' title='bbox 684 784 855 823; x_wconf 86' lang='lat' dir='ltr'>malitiae</span> <span class='ocrx_word' id='word_1_64' title='bbox 877 785 1031 823; x_wconf 87' lang='lat' dir='ltr'>lenonis</span> <span class='ocrx_word' id='word_1_65' title='bbox 1053 792 1190 823; x_wconf 89' lang='lat' dir='ltr'>contra</span> <span class='ocrx_word' id='word_1_66' title='bbox 1210 784 1403 824; x_wconf 88' lang='lat' dir='ltr'>incedam.</span> 
     </span>
     <span class='ocr_line' id='line_1_11' title="bbox 280 850 1613 901; baseline 0.001 -13"><span class='ocrx_word' id='word_1_67' title='bbox 280 852 348 888; x_wconf 80' lang='grc' dir='ltr'>ΡΑ.</span> <span class='ocrx_word' id='word_1_68' title='bbox 382 850 451 889; x_wconf 87' lang='lat' dir='ltr'>tibi</span> <span class='ocrx_word' id='word_1_69' title='bbox 472 852 740 889; x_wconf 81' lang='lat' dir='ltr'>auscultamus</span> <span class='ocrx_word' id='word_1_70' title='bbox 762 857 811 896; x_wconf 85' lang='lat' dir='ltr'>et,</span> <span class='ocrx_word' id='word_1_71' title='bbox 835 851 972 888; x_wconf 78' lang='lat' dir='ltr'>Venus</span> <span class='ocrx_word' id='word_1_72' title='bbox 993 851 1107 897; x_wconf 87' lang='lat' dir='ltr'>alma,</span> <span class='ocrx_word' id='word_1_73' title='bbox 1129 850 1271 888; x_wconf 86' lang='lat' dir='ltr'>ambae</span> <span class='ocrx_word' id='word_1_74' title='bbox 1291 857 1328 889; x_wconf 93' lang='lat' dir='ltr'>te</span> <span class='ocrx_word' id='word_1_75' title='bbox 1349 863 1613 901; x_wconf 86' lang='lat' dir='ltr'>opsecramus,</span> 
     </span>
     <span class='ocr_line' id='line_1_12' title="bbox 278 914 1700 966; baseline 0.001 -13"><span class='ocrx_word' id='word_1_76' title='bbox 278 929 384 954; x_wconf 88' lang='lat' dir='ltr'>aram</span> <span class='ocrx_word' id='word_1_77' title='bbox 405 917 675 966; x_wconf 86' lang='lat' dir='ltr'>amplexantes</span> <span class='ocrx_word' id='word_1_78' title='bbox 697 916 799 953; x_wconf 88' lang='lat' dir='ltr'>hanc</span> <span class='ocrx_word' id='word_1_79' title='bbox 820 922 928 953; x_wconf 90' lang='lat' dir='ltr'>tuam</span> <span class='ocrx_word' id='word_1_80' title='bbox 950 916 1224 963; x_wconf 89' lang='lat' dir='ltr'>lacrumantes,</span> <span class='ocrx_word' id='word_1_81' title='bbox 1246 915 1413 966; x_wconf 87' lang='lat' dir='ltr'>genibus</span> <span class='ocrx_word' id='word_1_82' title='bbox 1434 914 1558 963; x_wconf 87' lang='lat' dir='ltr'>nixae,</span> <span class='ocrx_word' id='word_1_83' title='bbox 1634 920 1700 966; x_wconf 82' lang='lat'>695</span> 
     </span>
     <span class='ocr_line' id='line_1_13' title="bbox 219 981 1291 1031; baseline 0.001 -12"><span class='ocrx_word' id='word_1_84' title='bbox 219 992 258 1025; x_wconf 85' lang='grc'>35</span> <span class='ocrx_word' id='word_1_85' title='bbox 278 981 317 1019; x_wconf 91' lang='lat' dir='ltr'>in</span> <span class='ocrx_word' id='word_1_86' title='bbox 339 983 584 1021; x_wconf 84' lang='lat' dir='ltr'>custodelam</span> <span class='ocrx_word' id='word_1_87' title='bbox 607 995 679 1020; x_wconf 87' lang='lat' dir='ltr'>nos</span> <span class='ocrx_word' id='word_1_88' title='bbox 701 989 808 1019; x_wconf 89' lang='lat' dir='ltr'>tuam</span> <span class='ocrx_word' id='word_1_89' title='bbox 831 989 873 1019; x_wconf 91' lang='lat' dir='ltr'>ut</span> <span class='ocrx_word' id='word_1_90' title='bbox 894 981 1060 1031; x_wconf 88' lang='lat' dir='ltr'>recipias</span> <span class='ocrx_word' id='word_1_91' title='bbox 1080 989 1119 1020; x_wconf 88' lang='lat' dir='ltr'>et</span> <span class='ocrx_word' id='word_1_92' title='bbox 1139 988 1264 1020; x_wconf 88' lang='lat' dir='ltr'>tutere</span> <span class='ocrx_word' id='word_1_93' title='bbox 1281 995 1291 1029; x_wconf 91' lang='lat'>;</span> 
     </span>
     <span class='ocr_line' id='line_1_14' title="bbox 278 1045 1279 1096; baseline 0 -12"><span class='ocrx_word' id='word_1_94' title='bbox 278 1046 364 1086; x_wconf 90' lang='lat' dir='ltr'>illos</span> <span class='ocrx_word' id='word_1_95' title='bbox 385 1048 572 1086; x_wconf 90' lang='lat' dir='ltr'>scelestos</span> <span class='ocrx_word' id='word_1_96' title='bbox 592 1046 660 1096; x_wconf 89' lang='lat' dir='ltr'>qui</span> <span class='ocrx_word' id='word_1_97' title='bbox 682 1054 792 1085; x_wconf 90' lang='lat' dir='ltr'>tuom</span> <span class='ocrx_word' id='word_1_98' title='bbox 815 1047 992 1085; x_wconf 89' lang='lat' dir='ltr'>fecerunt</span> <span class='ocrx_word' id='word_1_99' title='bbox 1013 1047 1148 1084; x_wconf 90' lang='lat' dir='ltr'>fanum</span> <span class='ocrx_word' id='word_1_100' title='bbox 1169 1045 1279 1096; x_wconf 91' lang='lat' dir='ltr'>parui</span> 
     </span>
     <span class='ocr_line' id='line_1_15' title="bbox 277 1111 1507 1162; baseline 0.001 -13"><span class='ocrx_word' id='word_1_101' title='bbox 277 1113 337 1149; x_wconf 92' lang='lat' dir='ltr'>fac</span> <span class='ocrx_word' id='word_1_102' title='bbox 358 1118 400 1150; x_wconf 90' lang='lat' dir='ltr'>ut</span> <span class='ocrx_word' id='word_1_103' title='bbox 421 1111 609 1150; x_wconf 86' lang='lat' dir='ltr'>ulciscare</span> <span class='ocrx_word' id='word_1_104' title='bbox 631 1124 784 1161; x_wconf 84' lang='lat' dir='ltr'>nosque</span> <span class='ocrx_word' id='word_1_105' title='bbox 805 1119 847 1149; x_wconf 89' lang='lat' dir='ltr'>ut</span> <span class='ocrx_word' id='word_1_106' title='bbox 869 1112 972 1149; x_wconf 90' lang='lat' dir='ltr'>hanc</span> <span class='ocrx_word' id='word_1_107' title='bbox 993 1118 1061 1149; x_wconf 86' lang='lat' dir='ltr'>tua</span> <span class='ocrx_word' id='word_1_108' title='bbox 1080 1111 1177 1161; x_wconf 79' lang='lat' dir='ltr'>pace</span> <span class='ocrx_word' id='word_1_109' title='bbox 1197 1125 1303 1149; x_wconf 88' lang='lat' dir='ltr'>aram</span> <span class='ocrx_word' id='word_1_110' title='bbox 1325 1111 1507 1162; x_wconf 89' lang='lat' dir='ltr'>opsidere</span> 
     </span>
     <span class='ocr_line' id='line_1_16' title="bbox 277 1176 1421 1228; baseline -0.001 -13"><span class='ocrx_word' id='word_1_111' title='bbox 277 1177 423 1228; x_wconf 88' lang='lat' dir='ltr'>patiare</span> <span class='ocrx_word' id='word_1_112' title='bbox 441 1192 448 1215; x_wconf 89' lang='lat'>:</span> <span class='ocrx_word' id='word_1_113' title='bbox 478 1179 606 1216; x_wconf 88' lang='lat' dir='ltr'>lautae</span> <span class='ocrx_word' id='word_1_114' title='bbox 627 1177 769 1215; x_wconf 87' lang='lat' dir='ltr'>ambae</span> <span class='ocrx_word' id='word_1_115' title='bbox 791 1190 928 1215; x_wconf 88' lang='lat' dir='ltr'>sumus</span> <span class='ocrx_word' id='word_1_116' title='bbox 949 1189 1070 1226; x_wconf 88' lang='lat' dir='ltr'>opera</span> <span class='ocrx_word' id='word_1_117' title='bbox 1090 1176 1267 1226; x_wconf 86' lang='lat' dir='ltr'>Neptuni</span> <span class='ocrx_word' id='word_1_118' title='bbox 1288 1184 1421 1224; x_wconf 91' lang='lat' dir='ltr'>noctu,</span> 
     </span>
     <span class='ocr_line' id='line_1_17' title="bbox 278 1240 1702 1293; baseline -0.001 -12"><span class='ocrx_word' id='word_1_119' title='bbox 278 1257 329 1282; x_wconf 83' lang='lat' dir='ltr'>ne</span> <span class='ocrx_word' id='word_1_120' title='bbox 349 1242 555 1293; x_wconf 86' lang='lat' dir='ltr'>indignum</span> <span class='ocrx_word' id='word_1_121' title='bbox 577 1242 616 1281; x_wconf 93' lang='lat' dir='ltr'>id</span> <span class='ocrx_word' id='word_1_122' title='bbox 639 1242 786 1281; x_wconf 80' lang='lat' dir='ltr'>habeas</span> <span class='ocrx_word' id='word_1_123' title='bbox 808 1256 911 1280; x_wconf 90' lang='lat' dir='ltr'>neue</span> <span class='ocrx_word' id='word_1_124' title='bbox 933 1241 1081 1280; x_wconf 91' lang='lat' dir='ltr'>idcirco</span> <span class='ocrx_word' id='word_1_125' title='bbox 1102 1241 1217 1280; x_wconf 89' lang='lat' dir='ltr'>nobis</span> <span class='ocrx_word' id='word_1_126' title='bbox 1238 1240 1335 1280; x_wconf 88' lang='lat' dir='ltr'>uitio</span> <span class='ocrx_word' id='word_1_127' title='bbox 1355 1249 1497 1288; x_wconf 89' lang='lat' dir='ltr'>uortas,</span> <span class='ocrx_word' id='word_1_128' title='bbox 1633 1254 1702 1289; x_wconf 94' lang='lat'>700</span> 
     </span>
     <span class='ocr_line' id='line_1_18' title="bbox 217 1306 1525 1359; baseline -0.001 -14"><span class='ocrx_word' id='word_1_129' title='bbox 217 1322 258 1352; x_wconf 83' lang='lat'>40</span> <span class='ocrx_word' id='word_1_130' title='bbox 277 1308 308 1345; x_wconf 87' lang='lat' dir='ltr'>si</span> <span class='ocrx_word' id='word_1_131' title='bbox 330 1308 570 1359; x_wconf 88' lang='lat' dir='ltr'>quippiamst</span> <span class='ocrx_word' id='word_1_132' title='bbox 592 1307 712 1346; x_wconf 85' lang='lat' dir='ltr'>minu’</span> <span class='ocrx_word' id='word_1_133' title='bbox 735 1308 844 1357; x_wconf 83' lang='lat' dir='ltr'>quod</span> <span class='ocrx_word' id='word_1_134' title='bbox 865 1307 968 1345; x_wconf 88' lang='lat' dir='ltr'>bene</span> <span class='ocrx_word' id='word_1_135' title='bbox 990 1320 1075 1345; x_wconf 86' lang='lat' dir='ltr'>esse</span> <span class='ocrx_word' id='word_1_136' title='bbox 1096 1307 1246 1344; x_wconf 89' lang='lat' dir='ltr'>lautum</span> <span class='ocrx_word' id='word_1_137' title='bbox 1268 1313 1309 1344; x_wconf 89' lang='lat' dir='ltr'>tu</span> <span class='ocrx_word' id='word_1_138' title='bbox 1329 1306 1525 1345; x_wconf 87' lang='lat' dir='ltr'>arbitrare.</span> 
     </span>
     <span class='ocr_line' id='line_1_19' title="bbox 276 1371 1613 1423; baseline 0.001 -13"><span class='ocrx_word' id='word_1_139' title='bbox 276 1374 352 1410; x_wconf 82' lang='lat' dir='ltr'>TR.</span> <span class='ocrx_word' id='word_1_140' title='bbox 385 1374 533 1420; x_wconf 89' lang='lat' dir='ltr'>Venus,</span> <span class='ocrx_word' id='word_1_141' title='bbox 557 1386 728 1423; x_wconf 84' lang='lat' dir='ltr'>aequom</span> <span class='ocrx_word' id='word_1_142' title='bbox 751 1373 821 1410; x_wconf 92' lang='lat' dir='ltr'>has</span> <span class='ocrx_word' id='word_1_143' title='bbox 853 1380 986 1423; x_wconf 89' lang='lat' dir='ltr'>petere</span> <span class='ocrx_word' id='word_1_144' title='bbox 1017 1371 1226 1422; x_wconf 87' lang='lat' dir='ltr'>intellego:</span> <span class='ocrx_word' id='word_1_145' title='bbox 1262 1372 1377 1410; x_wconf 89' lang='lat' dir='ltr'>decet</span> <span class='ocrx_word' id='word_1_146' title='bbox 1405 1385 1476 1421; x_wconf 90' lang='lat' dir='ltr'>aps</span> <span class='ocrx_word' id='word_1_147' title='bbox 1505 1379 1543 1410; x_wconf 90' lang='lat' dir='ltr'>te</span> <span class='ocrx_word' id='word_1_148' title='bbox 1573 1371 1613 1411; x_wconf 92' lang='lat' dir='ltr'>id</span> 
     </span>
     <span class='ocr_line' id='line_1_20' title="bbox 1389 1436 1615 1487; baseline 0 -12"><span class='ocrx_word' id='word_1_149' title='bbox 1389 1436 1586 1487; x_wconf 90' lang='lat' dir='ltr'>impetrari</span> <span class='ocrx_word' id='word_1_150' title='bbox 1605 1451 1615 1486; x_wconf 79' lang='lat'><em>3</em></span> 
     </span>
     <span class='ocr_line' id='line_1_21' title="bbox 276 1501 1573 1554; baseline -0.002 -12"><span class='ocrx_word' id='word_1_151' title='bbox 276 1502 477 1554; x_wconf 80' lang='lat' dir='ltr'>ignoscere</span> <span class='ocrx_word' id='word_1_152' title='bbox 499 1503 559 1542; x_wconf 89' lang='lat' dir='ltr'>his</span> <span class='ocrx_word' id='word_1_153' title='bbox 582 1512 618 1542; x_wconf 92' lang='lat' dir='ltr'>te</span> <span class='ocrx_word' id='word_1_154' title='bbox 641 1502 829 1542; x_wconf 87' lang='lat' dir='ltr'>conuenit</span> <span class='ocrx_word' id='word_1_155' title='bbox 847 1518 853 1541; x_wconf 91' lang='lat'>:</span> <span class='ocrx_word' id='word_1_156' title='bbox 886 1510 1014 1541; x_wconf 88' lang='lat' dir='ltr'>metus</span> <span class='ocrx_word' id='word_1_157' title='bbox 1035 1503 1106 1541; x_wconf 89' lang='lat' dir='ltr'>has</span> <span class='ocrx_word' id='word_1_158' title='bbox 1127 1501 1168 1541; x_wconf 89' lang='lat' dir='ltr'>id</span> <span class='ocrx_word' id='word_1_159' title='bbox 1189 1510 1230 1540; x_wconf 91' lang='lat' dir='ltr'>ut</span> <span class='ocrx_word' id='word_1_160' title='bbox 1252 1501 1398 1540; x_wconf 75' lang='lat' dir='ltr'>faciant</span> <span class='ocrx_word' id='word_1_161' title='bbox 1418 1502 1573 1552; x_wconf 85' lang='lat' dir='ltr'>subigit.</span> 
     </span>
     <span class='ocr_line' id='line_1_22' title="bbox 274 1566 1614 1614; baseline -0.001 -9"><span class='ocrx_word' id='word_1_162' title='bbox 274 1575 311 1606; x_wconf 82' lang='lat' dir='ltr'>te</span> <span class='ocrx_word' id='word_1_163' title='bbox 334 1581 381 1605; x_wconf 83' lang='lat' dir='ltr'>ex</span> <span class='ocrx_word' id='word_1_164' title='bbox 401 1568 557 1605; x_wconf 84' lang='lat' dir='ltr'>concha</span> <span class='ocrx_word' id='word_1_165' title='bbox 578 1575 710 1605; x_wconf 85' lang='lat' dir='ltr'>natam</span> <span class='ocrx_word' id='word_1_166' title='bbox 732 1580 817 1605; x_wconf 86' lang='lat' dir='ltr'>esse</span> <span class='ocrx_word' id='word_1_167' title='bbox 839 1574 1060 1614; x_wconf 83' lang='lat' dir='ltr'>autumant,</span> <span class='ocrx_word' id='word_1_168' title='bbox 1082 1579 1179 1604; x_wconf 88' lang='lat' dir='ltr'>caue</span> <span class='ocrx_word' id='word_1_169' title='bbox 1206 1573 1247 1604; x_wconf 88' lang='lat' dir='ltr'>tu</span> <span class='ocrx_word' id='word_1_170' title='bbox 1275 1566 1413 1604; x_wconf 75' lang='lat' dir='ltr'>harum</span> <span class='ocrx_word' id='word_1_171' title='bbox 1441 1566 1614 1604; x_wconf 86' lang='lat' dir='ltr'>conchas</span> 
     </span>
     <span class='ocr_line' id='line_1_23' title="bbox 1438 1644 1609 1681; baseline 0.006 -13"><span class='ocrx_word' id='word_1_172' title='bbox 1438 1644 1609 1681; x_wconf 88' lang='lat' dir='ltr'>spernas.</span> 
     </span>
     <span class='ocr_line' id='line_1_24' title="bbox 274 1695 1698 1747; baseline -0.001 -11"><span class='ocrx_word' id='word_1_173' title='bbox 274 1698 344 1736; x_wconf 88' lang='lat' dir='ltr'>sed</span> <span class='ocrx_word' id='word_1_174' title='bbox 366 1705 529 1747; x_wconf 85' lang='lat' dir='ltr'>optume</span> <span class='ocrx_word' id='word_1_175' title='bbox 550 1710 690 1736; x_wconf 90' lang='lat' dir='ltr'>eccum</span> <span class='ocrx_word' id='word_1_176' title='bbox 711 1699 790 1736; x_wconf 77' lang='lat' dir='ltr'>exit</span> <span class='ocrx_word' id='word_1_177' title='bbox 809 1710 928 1735; x_wconf 85' lang='lat' dir='ltr'>senex</span> <span class='ocrx_word' id='word_1_178' title='bbox 949 1704 1138 1747; x_wconf 87' lang='lat' dir='ltr'>patronus</span> <span class='ocrx_word' id='word_1_179' title='bbox 1159 1695 1336 1746; x_wconf 88' lang='lat' dir='ltr'>mihique</span> <span class='ocrx_word' id='word_1_180' title='bbox 1356 1703 1394 1735; x_wconf 93' lang='lat' dir='ltr'>et</span> <span class='ocrx_word' id='word_1_181' title='bbox 1415 1695 1541 1734; x_wconf 88' lang='lat' dir='ltr'>uobis.</span> <span class='ocrx_word' id='word_1_182' title='bbox 1632 1707 1698 1744; x_wconf 82' lang='lat'>705</span> 
     </span>
    </p>
   </div>
   <div class='ocr_carea' id='block_1_3' title="bbox 207 1808 1608 1846">
    <p class='ocr_par' dir='ltr' id='par_1_3' title="bbox 207 1808 1608 1846">
     <span class='ocr_line' id='line_1_25' title="bbox 207 1808 1608 1846; baseline 0.001 -2"><span class='ocrx_word' id='word_1_183' title='bbox 207 1809 591 1846; x_wconf 72' lang='lat' dir='ltr'>iVDAEMONEs</span> <span class='ocrx_word' id='word_1_184' title='bbox 660 1809 1002 1846; x_wconf 62' lang='lat' dir='ltr'>TRACHALto</span> <span class='ocrx_word' id='word_1_185' title='bbox 1076 1810 1303 1845; x_wconf 74' lang='lat' dir='ltr'><strong>LABRAX</strong></span> <span class='ocrx_word' id='word_1_186' title='bbox 1375 1808 1608 1846; x_wconf 76' lang='lat' dir='ltr'><strong>LORAer</strong></span> 
     </span>
    </p>
   </div>
   <div class='ocr_carea' id='block_1_4' title="bbox 278 1889 1608 2006">
    <p class='ocr_par' dir='ltr' id='par_1_4' title="bbox 278 1889 1608 2006">
     <span class='ocr_line' id='line_1_26' title="bbox 278 1889 1608 1940; baseline 0 -12"><span class='ocrx_word' id='word_1_187' title='bbox 278 1892 355 1930; x_wconf 82' lang='lat' dir='ltr'>DA.</span> <span class='ocrx_word' id='word_1_188' title='bbox 381 1889 451 1927; x_wconf 75' lang='lat' dir='ltr'>Exi</span> <span class='ocrx_word' id='word_1_189' title='bbox 465 1905 485 1928; x_wconf 82' lang='lat' dir='ltr'>e</span> <span class='ocrx_word' id='word_1_190' title='bbox 502 1892 604 1937; x_wconf 88' lang='lat' dir='ltr'>fano,</span> <span class='ocrx_word' id='word_1_191' title='bbox 624 1899 761 1929; x_wconf 88' lang='lat' dir='ltr'>natum</span> <span class='ocrx_word' id='word_1_192' title='bbox 778 1898 972 1935; x_wconf 77' lang='lat' dir='ltr'>Quantum</span> <span class='ocrx_word' id='word_1_193' title='bbox 990 1899 1048 1929; x_wconf 88' lang='lat' dir='ltr'>est</span> <span class='ocrx_word' id='word_1_194' title='bbox 1064 1889 1273 1928; x_wconf 88' lang='lat' dir='ltr'>hominum</span> <span class='ocrx_word' id='word_1_195' title='bbox 1288 1889 1608 1940; x_wconf 83' lang='lat' dir='ltr'>sacrilegissume.</span> 
     </span>
     <span class='ocr_line' id='line_1_27' title="bbox 278 1954 1555 2006; baseline 0 -13"><span class='ocrx_word' id='word_1_196' title='bbox 278 1969 350 1994; x_wconf 85' lang='lat' dir='ltr'>uos</span> <span class='ocrx_word' id='word_1_197' title='bbox 365 1955 402 1992; x_wconf 88' lang='lat' dir='ltr'>in</span> <span class='ocrx_word' id='word_1_198' title='bbox 419 1969 524 1993; x_wconf 90' lang='lat' dir='ltr'>aram</span> <span class='ocrx_word' id='word_1_199' title='bbox 541 1955 647 1994; x_wconf 82' lang='lat' dir='ltr'>abite</span> <span class='ocrx_word' id='word_1_200' title='bbox 664 1969 824 1994; x_wconf 84' lang='lat' dir='ltr'>sessum.</span> <span class='ocrx_word' id='word_1_201' title='bbox 868 1956 939 1994; x_wconf 88' lang='lat' dir='ltr'>sed</span> <span class='ocrx_word' id='word_1_202' title='bbox 956 1955 1022 1993; x_wconf 85' lang='lat' dir='ltr'>ubi</span> <span class='ocrx_word' id='word_1_203' title='bbox 1039 1963 1130 1993; x_wconf 89' lang='lat' dir='ltr'>sunt</span> <span class='ocrx_word' id='word_1_204' title='bbox 1146 1956 1163 1993; x_wconf 73' lang='grc' dir='ltr'><em>Ρ</em></span> <span class='ocrx_word' id='word_1_205' title='bbox 1201 1957 1275 1993; x_wconf 83' lang='lat' dir='ltr'>TR.</span> <span class='ocrx_word' id='word_1_206' title='bbox 1300 1956 1378 1993; x_wconf 92' lang='lat' dir='ltr'>huc</span> <span class='ocrx_word' id='word_1_207' title='bbox 1394 1954 1555 2006; x_wconf 89' lang='lat' dir='ltr'>respice.</span> 
     </span>
    </p>
   </div>
   <div class='ocr_carea' id='block_1_5' title="bbox 319 2059 1610 2100">
    <p class='ocr_par' dir='ltr' id='par_1_5' title="bbox 319 2059 1610 2100">
     <span class='ocr_line' id='line_1_28' title="bbox 319 2059 1610 2100; baseline 0.002 -12"><span class='ocrx_word' id='word_1_208' title='bbox 319 2059 384 2088; x_wconf 85' lang='lat'>688</span> <span class='ocrx_word' id='word_1_209' title='bbox 408 2059 563 2089; x_wconf 82' lang='lat' dir='ltr'>adsidcte</span> <span class='ocrx_word' id='word_1_210' title='bbox 589 2059 656 2091; x_wconf 84' lang='lat' dir='ltr'>cod.</span> <span class='ocrx_word' id='word_1_211' title='bbox 746 2059 813 2100; x_wconf 89' lang='lat'>689</span> <span class='ocrx_word' id='word_1_212' title='bbox 838 2059 914 2098; x_wconf 90' lang='lat' dir='ltr'>plus</span> <span class='ocrx_word' id='word_1_213' title='bbox 931 2059 1035 2100; x_wconf 77' lang='lat' dir='ltr'>suppl.</span> <span class='ocrx_word' id='word_1_214' title='bbox 1057 2059 1271 2090; x_wconf 79' lang='lat' dir='ltr'>Cameramus</span> <span class='ocrx_word' id='word_1_215' title='bbox 1358 2061 1425 2098; x_wconf 88' lang='lat'>690</span> <span class='ocrx_word' id='word_1_216' title='bbox 1448 2060 1610 2099; x_wconf 81' lang='lat' dir='ltr'>abreptae</span> 
     </span>
    </p>
   </div>
   <div class='ocr_carea' id='block_1_6' title="bbox 274 2101 1611 2365">
    <p class='ocr_par' dir='ltr' id='par_1_6' title="bbox 274 2101 1611 2365">
     <span class='ocr_line' id='line_1_29' title="bbox 278 2101 1611 2144; baseline 0.001 -13"><span class='ocrx_word' id='word_1_217' title='bbox 278 2102 406 2132; x_wconf 49' lang='lat' dir='ltr'>[Merula</span> <span class='ocrx_word' id='word_1_218' title='bbox 425 2115 431 2132; x_wconf 69' lang='grc' dir='ltr'>ι</span> <span class='ocrx_word' id='word_1_219' title='bbox 455 2108 612 2142; x_wconf 85' lang='lat' dir='ltr'>arreptae</span> <span class='ocrx_word' id='word_1_220' title='bbox 638 2101 702 2134; x_wconf 76' lang='lat' dir='ltr'>cod.</span> <span class='ocrx_word' id='word_1_221' title='bbox 837 2104 901 2142; x_wconf 79' lang='lat'>692</span> <span class='ocrx_word' id='word_1_222' title='bbox 928 2103 1044 2133; x_wconf 74' lang='lat' dir='ltr'>accedit</span> <span class='ocrx_word' id='word_1_223' title='bbox 1062 2103 1095 2133; x_wconf 82' lang='lat' dir='ltr'><em>A</em></span> <span class='ocrx_word' id='word_1_224' title='bbox 1112 2115 1119 2141; x_wconf 88' lang='grc'>;</span> <span class='ocrx_word' id='word_1_225' title='bbox 1145 2115 1248 2144; x_wconf 83' lang='lat' dir='ltr'>usque</span> <span class='ocrx_word' id='word_1_226' title='bbox 1269 2103 1317 2134; x_wconf 79' lang='lat' dir='ltr'>ml</span> <span class='ocrx_word' id='word_1_227' title='bbox 1332 2113 1392 2142; x_wconf 83' lang='lat'>727</span> <span class='ocrx_word' id='word_1_228' title='bbox 1409 2103 1611 2143; x_wconf 57' lang='lat' dir='ltr'>panasm&#39;ma</span> 
     </span>
     <span class='ocr_line' id='line_1_30' title="bbox 275 2144 1611 2189; baseline 0 -13"><span class='ocrx_word' id='word_1_229' title='bbox 275 2150 402 2176; x_wconf 71' lang='lat' dir='ltr'>servata</span> <span class='ocrx_word' id='word_1_230' title='bbox 490 2148 556 2185; x_wconf 83' lang='lat'>692</span> <span class='ocrx_word' id='word_1_231' title='bbox 580 2144 719 2189; x_wconf 71' lang='lat' dir='ltr'>(haec),</span> <span class='ocrx_word' id='word_1_232' title='bbox 737 2146 815 2176; x_wconf 87' lang='lat' dir='ltr'>hine</span> <span class='ocrx_word' id='word_1_233' title='bbox 833 2144 1023 2176; x_wconf 73' lang='lat' dir='ltr'>Lambinus</span> <span class='ocrx_word' id='word_1_234' title='bbox 1111 2147 1278 2186; x_wconf 75' lang='lat' dir='ltr'>hincfort.</span> <span class='ocrx_word' id='word_1_235' title='bbox 1299 2158 1364 2178; x_wconf 87' lang='lat' dir='ltr'>om.</span> <span class='ocrx_word' id='word_1_236' title='bbox 1377 2146 1411 2176; x_wconf 86' lang='lat' dir='ltr'><em>A</em></span> <span class='ocrx_word' id='word_1_237' title='bbox 1545 2147 1611 2186; x_wconf 82' lang='lat'>696</span> 
     </span>
     <span class='ocr_line' id='line_1_31' title="bbox 276 2187 1607 2230; baseline 0 -10"><span class='ocrx_word' id='word_1_238' title='bbox 276 2190 462 2220; x_wconf 84' lang='lat' dir='ltr'>custodiam</span> <span class='ocrx_word' id='word_1_239' title='bbox 481 2189 520 2225; x_wconf 80' lang='lat' dir='ltr'>P,</span> <span class='ocrx_word' id='word_1_240' title='bbox 538 2189 571 2219; x_wconf 85' lang='lat' dir='ltr'><em>A</em></span> <span class='ocrx_word' id='word_1_241' title='bbox 591 2201 621 2220; x_wconf 81' lang='lat' dir='ltr'>n.</span> <span class='ocrx_word' id='word_1_242' title='bbox 641 2190 660 2219; x_wconf 85' lang='lat' dir='ltr'>l.</span> <span class='ocrx_word' id='word_1_243' title='bbox 684 2191 734 2229; x_wconf 61' lang='lat' dir='ltr'>&#39;qs</span> <span class='ocrx_word' id='word_1_244' title='bbox 754 2189 802 2219; x_wconf 82' lang='lat' dir='ltr'>ad</span> <span class='ocrx_word' id='word_1_245' title='bbox 814 2187 909 2219; x_wconf 75' lang='lat' dir='ltr'>Merc.</span> <span class='ocrx_word' id='word_1_246' title='bbox 925 2191 1002 2228; x_wconf 47' lang='lat'>233)</span> <span class='ocrx_word' id='word_1_247' title='bbox 1147 2192 1210 2230; x_wconf 85' lang='lat'>697</span> <span class='ocrx_word' id='word_1_248' title='bbox 1237 2191 1294 2230; x_wconf 74' lang='lat' dir='ltr'>illo</span> <span class='ocrx_word' id='word_1_249' title='bbox 1307 2190 1358 2221; x_wconf 78' lang='lat' dir='ltr'>vel</span> <span class='ocrx_word' id='word_1_250' title='bbox 1371 2201 1428 2230; x_wconf 72' lang='lat' dir='ltr'>eos</span> <span class='ocrx_word' id='word_1_251' title='bbox 1443 2193 1481 2220; x_wconf 76' lang='lat' dir='ltr'>ut</span> <span class='ocrx_word' id='word_1_252' title='bbox 1493 2189 1557 2220; x_wconf 77' lang='lat' dir='ltr'>vid.</span> <span class='ocrx_word' id='word_1_253' title='bbox 1574 2189 1607 2219; x_wconf 87' lang='lat' dir='ltr'><em>A</em></span> 
     </span>
     <span class='ocr_line' id='line_1_32' title="bbox 274 2231 1609 2274; baseline 0 -11"><span class='ocrx_word' id='word_1_254' title='bbox 274 2234 339 2272; x_wconf 84' lang='lat'>698</span> <span class='ocrx_word' id='word_1_255' title='bbox 363 2243 435 2272; x_wconf 83' lang='lat' dir='ltr'>sqq.</span> <span class='ocrx_word' id='word_1_256' title='bbox 462 2234 553 2263; x_wconf 73' lang='lat' dir='ltr'>initia</span> <span class='ocrx_word' id='word_1_257' title='bbox 573 2233 723 2263; x_wconf 71' lang='lat' dir='ltr'>mulslala</span> <span class='ocrx_word' id='word_1_258' title='bbox 741 2231 884 2271; x_wconf 52' lang='lat' dir='ltr'><em>1&#39;11chf</em></span> <span class='ocrx_word' id='word_1_259' title='bbox 902 2233 948 2263; x_wconf 77' lang='lat' dir='ltr'>ad</span> <span class='ocrx_word' id='word_1_260' title='bbox 961 2234 1025 2271; x_wconf 80' lang='lat'>648</span> <span class='ocrx_word' id='word_1_261' title='bbox 1049 2235 1138 2273; x_wconf 58' lang='lat' dir='ltr'>sqq.)</span> <span class='ocrx_word' id='word_1_262' title='bbox 1228 2235 1294 2272; x_wconf 85' lang='lat'>698</span> <span class='ocrx_word' id='word_1_263' title='bbox 1318 2235 1369 2274; x_wconf 64' lang='lat' dir='ltr'>fac</span> <span class='ocrx_word' id='word_1_264' title='bbox 1390 2240 1425 2274; x_wconf 76' lang='lat' dir='ltr'>ut</span> <span class='ocrx_word' id='word_1_265' title='bbox 1447 2234 1609 2264; x_wconf 82' lang='lat' dir='ltr'>ulciscare</span> 
     </span>
     <span class='ocr_line' id='line_1_33' title="bbox 275 2276 1605 2317; baseline 0 -10"><span class='ocrx_word' id='word_1_266' title='bbox 275 2277 328 2307; x_wconf 87' lang='lat' dir='ltr'>A:</span> <span class='ocrx_word' id='word_1_267' title='bbox 355 2287 464 2307; x_wconf 77' lang='lat' dir='ltr'>-scare</span> <span class='ocrx_word' id='word_1_268' title='bbox 483 2276 516 2306; x_wconf 74' lang='lat' dir='ltr'>I&gt;</span> <span class='ocrx_word' id='word_1_269' title='bbox 644 2278 709 2315; x_wconf 80' lang='lat'>699</span> <span class='ocrx_word' id='word_1_270' title='bbox 734 2277 953 2316; x_wconf 48' lang='lat' dir='ltr'>potfiarellau</span> <span class='ocrx_word' id='word_1_271' title='bbox 965 2276 1041 2306; x_wconf 80' lang='lat' dir='ltr'>—A</span> <span class='ocrx_word' id='word_1_272' title='bbox 1060 2289 1066 2306; x_wconf 71' lang='grc' dir='ltr'>ε</span> <span class='ocrx_word' id='word_1_273' title='bbox 1091 2296 1130 2301; x_wconf 88' lang='grc'><strong>-</strong></span> <span class='ocrx_word' id='word_1_274' title='bbox 1149 2282 1255 2308; x_wconf 82' lang='lat' dir='ltr'>antae</span> <span class='ocrx_word' id='word_1_275' title='bbox 1267 2277 1300 2307; x_wconf 82' lang='lat' dir='ltr'><em>P</em></span> <span class='ocrx_word' id='word_1_276' title='bbox 1386 2278 1549 2317; x_wconf 88' lang='lat' dir='ltr'>neptunei</span> <span class='ocrx_word' id='word_1_277' title='bbox 1566 2277 1605 2315; x_wconf 84' lang='lat' dir='ltr'>P,</span> 
     </span>
     <span class='ocr_line' id='line_1_34' title="bbox 274 2321 1606 2365; baseline 0 -10"><span class='ocrx_word' id='word_1_278' title='bbox 274 2326 308 2355; x_wconf 89' lang='lat' dir='ltr'><em>A</em></span> <span class='ocrx_word' id='word_1_279' title='bbox 328 2337 360 2357; x_wconf 78' lang='grc' dir='ltr'>π.</span> <span class='ocrx_word' id='word_1_280' title='bbox 380 2326 398 2356; x_wconf 85' lang='grc' dir='ltr'>Ι.</span> <span class='ocrx_word' id='word_1_281' title='bbox 552 2335 615 2364; x_wconf 83' lang='grc'>700</span> <span class='ocrx_word' id='word_1_282' title='bbox 639 2336 676 2363; x_wconf 71' lang='lat' dir='ltr'>ne</span> <span class='ocrx_word' id='word_1_283' title='bbox 735 2321 791 2355; x_wconf 76' lang='lat' dir='ltr'>&#39;A:</span> <span class='ocrx_word' id='word_1_284' title='bbox 820 2324 997 2363; x_wconf 80' lang='lat' dir='ltr'>Indignum</span> <span class='ocrx_word' id='word_1_285' title='bbox 1016 2325 1049 2356; x_wconf 88' lang='grc' dir='ltr'><em>Ρ</em></span> <span class='ocrx_word' id='word_1_286' title='bbox 1195 2336 1253 2365; x_wconf 82' lang='lat'>70¹</span> <span class='ocrx_word' id='word_1_287' title='bbox 1282 2325 1408 2357; x_wconf 86' lang='lat' dir='ltr'>lautum</span> <span class='ocrx_word' id='word_1_288' title='bbox 1433 2331 1468 2356; x_wconf 85' lang='lat' dir='ltr'>tu</span> <span class='ocrx_word' id='word_1_289' title='bbox 1494 2325 1606 2356; x_wconf 83' lang='lat' dir='ltr'>Came-</span> 
     </span>
    </p>
   </div>
   <div class='ocr_carea' id='block_1_7' title="bbox 275 2367 1607 2453">
    <p class='ocr_par' dir='ltr' id='par_1_7' title="bbox 275 2367 1607 2453">
     <span class='ocr_line' id='line_1_35' title="bbox 276 2367 1607 2442; baseline 0.002 -44"><span class='ocrx_word' id='word_1_290' title='bbox 276 2370 410 2442; x_wconf 47' lang='lat' dir='ltr'>rariuslg</span> <span class='ocrx_word' id='word_1_291' title='bbox 433 2369 524 2400; x_wconf 81' lang='lat' dir='ltr'>lautu</span> <span class='ocrx_word' id='word_1_292' title='bbox 542 2369 582 2407; x_wconf 82' lang='lat' dir='ltr'>P,</span> <span class='ocrx_word' id='word_1_293' title='bbox 603 2368 636 2398; x_wconf 86' lang='grc' dir='ltr'><em>Α</em></span> <span class='ocrx_word' id='word_1_294' title='bbox 654 2380 686 2398; x_wconf 83' lang='lat' dir='ltr'>n.</span> <span class='ocrx_word' id='word_1_295' title='bbox 708 2368 726 2397; x_wconf 78' lang='lat' dir='ltr'>i.</span> <span class='ocrx_word' id='word_1_296' title='bbox 824 2378 884 2407; x_wconf 78' lang='lat'>702</span> <span class='ocrx_word' id='word_1_297' title='bbox 910 2368 1024 2399; x_wconf 71' lang='lat' dir='ltr'>Venus</span> <span class='ocrx_word' id='word_1_298' title='bbox 1040 2367 1189 2400; x_wconf 77' lang='lat' dir='ltr'>Schoell:</span> <span class='ocrx_word' id='word_1_299' title='bbox 1215 2374 1292 2408; x_wconf 68' lang='lat' dir='ltr'>ut—</span> <span class='ocrx_word' id='word_1_300' title='bbox 1315 2369 1410 2410; x_wconf 71' lang='lat' dir='ltr'>(sem.</span> <span class='ocrx_word' id='word_1_301' title='bbox 1431 2369 1533 2409; x_wconf 88' lang='lat' dir='ltr'>ue—)</span> <span class='ocrx_word' id='word_1_302' title='bbox 1549 2369 1583 2400; x_wconf 82' lang='lat' dir='ltr'><em>A</em></span> <span class='ocrx_word' id='word_1_303' title='bbox 1599 2381 1607 2400; x_wconf 78' lang='lat' dir='ltr'><strong><em>z</em></strong></span> 
     </span>
     <span class='ocr_line' id='line_1_36' title="bbox 275 2417 356 2453; baseline 0.025 -12"><span class='ocrx_word' id='word_1_304' title='bbox 275 2417 356 2453; x_wconf 75' lang='lat' dir='ltr'>spat.</span> 
     </span>
    </p>
   </div>
  </div>
 </body>
</html>
