1747 2740
715 138 892 175 PERSA
1411 136 1464 174 II.
1486 146 1518 174 v

135 251 311 291 subnixis
332 251 402 289 alis
424 264 486 289 me
507 250 669 288 inseram
691 258 810 299 atque
830 249 1022 288 amicibor
1041 249 1219 299 gloriose.

134 320 210 356 To.
242 319 311 356 sed
341 316 429 367 quis
463 315 526 354 hic
560 323 720 353 ansatus
745 315 952 353 ambulat?
1009 316 1102 353 SAG.
1135 315 1356 364 magnufice
1381 327 1471 352 con-

1277 379 1469 417 screabor.

134 450 209 487 To.
242 447 451 497 Sagaristio
490 445 767 496 hicquidemst.
828 445 925 495 quid
964 444 1100 496 agitur,
1143 443 1387 495 Sagaristio?
1430 452 1473 482 ut

1293 511 1444 548 ualetur
1457 510 1473 547 P

47 596 116 630 310
135 579 290 630 ecquid,
324 579 432 629 quod
464 576 651 616 mandaui
687 576 768 623 tibi,
803 584 914 615 estne
953 578 993 614 1'n
1032 584 1070 614 te
1105 574 1320 626 speculae'?
1377 576 1469 613 SAG.

1348 640 1468 679 adito.

133 708 341 748 uidebitur.
401 709 547 746 factum
569 709 672 746 uolo.
734 707 880 745 uenito.
942 714 1188 758 promoneto.
1494 721 1532 744 ιο

133 775 207 812 To.
231 773 327 824 quid
349 774 424 812 hoc
446 774 509 810 hic
534 772 573 810 in
599 774 702 811 collo
728 772 797 811 tibi
820 775 975 811 tumet?
1023 775 1116 812 SAG.
1140 771 1349 819 uomicast‚
1369 784 1471 821 pres-

1222 851 1305 876 sare
1327 850 1442 888 parce
1461 851 1470 885 3

134 918 226 942 nam
247 904 314 943 ubi
336 904 403 954 qui
425 904 527 941 mala
547 903 669 953 tangit
691 917 823 949 manu,
847 904 1004 942 dolores
1025 903 1262 942 cooriuntur.

133 971 209 1008 To.
239 970 401 1021 quando
422 969 542 1007 istaec
563 968 735 1007 innatast
756 969 859 1007 tibi?
925 970 1018 1007 SAG.
1051 967 1181 1007 hodie.
1241 970 1314 1007 To.
1348 967 1470 1006 secari

1321 1033 1468 1071 iubeas.

46 1110 113 1145 315
135 1102 229 1139 SAG.
260 1108 394 1139 metuo
415 1114 466 1138 ne
486 1099 723 1138 inmaturam
746 1113 889 1146 secem,
913 1112 963 1137 ne
984 1098 1167 1137 exhibeat
1188 1099 1275 1148 plus
1300 1098 1469 1149 negotei.

134 1168 209 1205 To.
233 1165 426 1216 inspicere
452 1165 635 1204 morbum
659 1172 770 1203 tuom
791 1164 911 1203 lubet.
972 1166 1064 1203 SAG.
1088 1164 1139 1201 ah
1159 1165 1208 1202 ah
1228 1166 1234 1201 Ι
1263 1163 1327 1202 abi
1349 1171 1469 1214 atque
1493 1178 1529 1211 ¹5

1300 1243 1397 1268 caue
1418 1229 1469 1268 sis

133 1311 156 1336 a
176 1311 309 1337 cornu.
369 1299 444 1336 To.
467 1297 564 1347 quid
586 1296 696 1335 iam?
754 1298 846 1335 SAG.
871 1295 964 1346 quia
984 1296 1108 1334 boues
1130 1294 1211 1334 bini
1233 1295 1297 1334 hic
1318 1303 1408 1334 sunt
1429 1295 1469 1334 in

1280 1361 1467 1400 crumina.

133 1431 207 1467 To.
241 1429 376 1468 emitte
397 1430 525 1475 sodes,
550 1443 600 1468 ne
622 1428 754 1467 enices
776 1429 904 1476 fame3
934 1427 1018 1466 sine
1039 1427 1092 1465 ire
1113 1435 1279 1477 pastum.

134 1496 226 1533 SAG.
259 1494 365 1532 enim
386 1502 522 1533 metuo
543 1502 585 1532 ut
606 1494 778 1544 possiem
801 1493 840 1531 in
863 1492 998 1531 bubile
1020 1497 1176 1539 reicere,
1195 1506 1244 1530 ne
1265 1500 1466 1543 uagentur.

46 1574 116 1609 320
134 1561 207 1598 To.
241 1574 314 1610 ego
349 1559 517 1599 reiciam.
578 1560 681 1598 habe
710 1558 887 1597 animum
928 1558 1090 1597 bonum.
1150 1559 1243 1596 SAG.
1276 1559 1466 1604 credetur,

1186 1622 1466 1661 commodabo.

133 1704 296 1740 sequere
326 1692 400 1730 hac
430 1690 492 1730 sis.
552 1698 756 1741 argentum
786 1690 850 1729 hic
877 1689 978 1728 inest
1005 1689 1114 1739 quod
1136 1701 1293 1727 mecum
1314 1689 1467 1727 dudum
1492 1699 1530 1722 20

1337 1761 1465 1793 orasti.

132 1823 205 1860 To.
239 1822 336 1872 quid
357 1825 398 1861 tu
419 1822 508 1861 ais?
564 1825 655 1862 SAG.
689 1822 874 1862 dominus
901 1836 964 1860 me
994 1821 1118 1860 boues
1140 1827 1354 1859 mercatum
1379 1821 1468 1858 Ere-

1215 1885 1327 1924 triam
1350 1884 1464 1923 misit.

132 1965 238 1991 nunc
260 1953 314 1991 mi
342 1953 492 1992 Eretria
518 1955 588 1993 erit
615 1955 713 1993 haec
735 1961 801 1992 tua
829 1955 983 1993 domus.
1044 1954 1118 1990 To.
1151 1950 1258 1989 nimi'
1279 1958 1320 1989 tu
1343 1951 1467 1989 facete

1293 2017 1464 2066 loquere.

175 2123 249 2161 308.
269 2133 334 2162 309
357 2124 481 2154 invm'so
502 2123 610 2155 ordine
626 2123 658 2154 A
749 2125 815 2163 308
839 2124 994 2166 ansatus]
1014 2128 1154 2155 conatus
1172 2121 1261 2153 codd.
1283 2120 1386 2152 Nonii
1403 2131 1466 2160 479

133 2167 359 2197 conscreabor
382 2167 532 2198 Nonius:
576 2167 778 2211 concreabor
802 2168 833 2198 Α
853 2180 860 2198 :
900 2168 1080 2198 constabor
1119 2165 1336 2197 contestabor
1359 2163 1409 2193 D‘·
1436 2164 1469 2195 P

132 2219 198 2248 310
219 2211 391 2250 νΙζγίΙιηιιιε
407 2212 551 2251 displicet
615 2212 664 2242 vel
678 2212 825 2252 speculai
913 2222 976 2251 313
994 2211 1104 2250 tetigit
1121 2210 1154 2240 P
1233 2211 1297 2249 316
1320 2209 1412 2248 iubet
1429 2208 1461 2238 A

131 2253 174 2283 ah
202 2255 244 2284 ah
271 2255 340 2296 abi]
369 2255 445 2285 alibi
473 2254 506 2284 P
634 2266 698 2295 319
725 2256 772 2286 vc!
797 2256 922 2294 possim
940 2257 998 2288 <ita
1022 2254 1127 2286 codd>
1158 2256 1249 2295 (cnm
1279 2253 1366 2283 enim
1397 2262 1464 2282 me-

134 2297 297 2337 tribrach.)
370 2299 517 2329 bubilem
533 2298 564 2328 Ρ
638 2297 713 2330 Γὲἳς.
728 2300 759 2329 in
774 2300 851 2331 bub.
863 2299 968 2329 Bothe
1045 2299 1224 2335 uiagentur
1239 2297 1272 2329 P
1401 2305 1465 2335 320

133 2341 283 2371 creditur
300 2341 340 2377 P,
359 2343 390 2372 A
410 2354 443 2372 n.
462 2343 482 2374 l.
503 2344 579 2382 (pro
597 2343 727 2375 -detur2
754 2344 772 2373 i.
792 2345 826 2382 3)
969 2352 1028 2382 321
1057 2353 1160 2381 seque
1179 2341 1211 2372 P
1304 2341 1392 2381 quod
1411 2349 1464 2370 me

133 2383 256 2415 dudum
276 2387 403 2423 rogasti
422 2386 455 2416 P
472 2397 516 2425 qv.
540 2397 566 2424 r,
585 2397 615 2425 p.
635 2388 692 2425 65)
798 2396 862 2426 322
885 2386 1007 2426 boues]
1027 2386 1125 2417 uobis
1141 2386 1173 2416 P
