1747 2740
185 118 214 160 I.
237 122 282 159 iii
653 120 699 162 T.
733 125 915 165 MACCI
947 120 1150 163 PLAVTI

235 234 305 272 sed
326 233 409 272 sine
429 234 592 284 argento
613 236 751 273 frustra
771 249 812 274 es
833 234 899 285 qui
923 249 985 274 me
1006 235 1061 274 tui
1083 235 1255 275 misereri
1275 237 1463 287 postulas.

235 300 332 337 haec
354 308 477 338 meast
498 300 704 348 sententia,
727 309 769 338 ut
790 309 830 338 tu
853 301 945 339 hinc
966 315 1083 351 porro
1104 301 1201 352 quid
1220 315 1313 352 agas
1333 303 1526 341 consulas.

235 365 349 403 (ΞΛΜ.
392 364 521 404 iamne
559 365 675 404 abis?
732 367 802 404 ΒΑ.
845 365 977 416 negoti
1016 380 1123 406 nunc
1161 381 1249 405 sum
1289 369 1563 418 plenus—ps.
1585 370 1655 414 380

1169 433 1301 481 paullo
1320 440 1410 482 post
1431 431 1563 482 magis.

153 506 210 538 ¹55
232 493 310 533 illic
338 495 460 534 homo
487 509 598 534 meus
619 503 691 544 est,
712 495 785 534 nisi
811 509 949 535 omnes
970 496 1011 535 di
1033 510 1096 535 me
1115 505 1235 547 atque
1255 496 1438 536 homines
1457 499 1567 536 dese-

1463 570 1563 601 runt.

231 626 424 664 exossabo
445 640 518 676 ego
539 626 648 665 illum
671 626 848 666 simulter
868 627 1004 666 itidem
1027 635 1069 666 ut
1090 641 1294 667 murenam
1315 641 1477 679 coquos.

231 705 349 738 nunc,
376 691 572 739 Calidore,
599 701 637 731 te
668 692 764 731 mihi
794 706 954 743 operam
985 694 1079 732 dare
1108 694 1212 732 uolo.
1274 694 1389 733 CAH.
1422 693 1567 744 ecquid

1369 758 1537 809 imperas
1551 760 1568 798 P

234 823 295 860 Ps.
328 822 405 860 hoc
426 835 498 872 ego
519 822 712 872 oppidum
733 822 963 861 admoenire
984 831 1026 861 ut
1046 823 1167 862 hodie
1188 822 1364 874 capiatur
1383 825 1501 873 u0103

231 888 283 926 ad
313 900 400 925 eam
431 901 512 926 rem
543 896 652 927 usust
682 887 885 927 hominem
916 895 1102 935 astutum,
1129 889 1305 936 doctum,
1337 897 1497 927 cautum
1527 898 1566 929 et
1584 891 1651 934 385

1364 954 1564 1003 callidum,

150 1026 212 1058 160
233 1018 299 1069 qui
322 1018 511 1068 imperata
531 1020 681 1057 ecfecta
701 1020 851 1066 reddat,
874 1033 955 1058 non
976 1019 1044 1070 qui
1065 1019 1232 1070 uigilans
1251 1019 1432 1058 dormiat.

234 1085 349 1124 Cim.
383 1085 483 1123 cedo
511 1083 619 1131 mihi,
642 1084 738 1135 quid
759 1098 800 1123 es
827 1086 1028 1123 facturus?
1086 1086 1148 1123 Ps.
1181 1084 1346 1136 temperi
1375 1098 1449 1136 ego
1478 1086 1568 1125 faxo

1453 1151 1564 1191 scies.

233 1215 327 1253 nolo
348 1213 408 1253 bis
429 1213 567 1261 iterari,
592 1222 649 1253 sat
671 1215 726 1254 sic
747 1216 887 1265 longae
910 1216 1009 1253 fiunt
1030 1216 1198 1254 fabulae.

233 1280 348 1320 CALI.
386 1287 595 1330 optumum
633 1287 753 1330 atque
792 1280 1089 1330 aequissumum
1129 1294 1226 1319 oras.
1288 1282 1350 1319 Ps.
1387 1294 1564 1332 propera,

1095 1347 1227 1384 adduc
1247 1346 1451 1385 hominem
1472 1347 1561 1387 cito.

232 1413 347 1452 CALI.
381 1411 495 1462 pauci
516 1426 562 1451 ex
583 1411 716 1451 multis
737 1419 828 1451 sunt
848 1411 976 1459 amici,
999 1412 1152 1451 h6mini
1173 1412 1267 1451 certi
1289 1412 1355 1462 qui
1377 1413 1488 1452 sient.
1583 1428 1653 1463 390

150 1481 209 1524 165
232 1479 294 1515 Ps.
327 1491 400 1528 ego
421 1477 503 1516 scio
524 1476 634 1516 istuc.
695 1491 786 1528 ergo
808 1487 1019 1528 utrumque
1040 1478 1111 1517 tibi
1132 1492 1238 1516 nunc
1259 1478 1449 1517 dilectum
1470 1492 1564 1530 para

230 1556 276 1581 ex
295 1543 437 1589 multis,
447 1541 582 1595 [atque
596 1541 771 1595 exquire]
783 1543 910 1582 exillis
927 1543 1062 1594 paucis
1076 1557 1198 1582 unum
1214 1543 1436 1593 quicertust
1448 1544 1561 1584 cedo.

232 1609 347 1648 CALI.
380 1607 457 1647 iam
474 1608 538 1647 hic
554 1610 643 1647 faxo
663 1609 922 1648 aderit.—Ps.
956 1609 1067 1660 potin
1085 1616 1126 1647 ut
1142 1609 1291 1648 abeas?
1321 1609 1391 1648 tibi
1413 1623 1564 1648 moram

1309 1674 1424 1714 dictis
1444 1688 1563 1714 creas.

167 1784 213 1821 iv
739 1786 1066 1823 PSEVDOLVS

342 1867 556 1916 Postquam
580 1866 655 1904 illic
677 1866 769 1904 hinc
790 1866 896 1913 abiit,
921 1875 961 1904 tu
983 1875 1085 1905 astas
1107 1868 1229 1915 solus,
1251 1868 1456 1907 Pseudole.

340 1931 436 1981 quid
458 1945 562 1970 nunc
583 1933 761 1979 acturu'5‚
786 1940 995 1982 postquam
1019 1932 1100 1970 erili
1122 1933 1202 1971 filio
1583 1942 1648 1979 395

276 2037 339 2076 378
363 2047 400 2066 es
424 2036 497 2078 qui]
524 2041 575 2067 est
599 2037 688 2076 quod
713 2036 746 2067 P
847 2037 1009 2067 miserere
1034 2036 1178 2078 Spengel
1306 2047 1371 2077 379
1393 2036 1566 2068 sententia

234 2085 341 2111 meast
368 2080 399 2109 A
535 2080 707 2122 consulas]
737 2081 888 2120 postulas
910 2081 942 2110 A
976 2091 1026 2118 um·
1051 2091 1079 2111 v.
1107 2081 1188 2120 378)
1320 2082 1386 2120 382
1411 2081 1566 2112 simulter

233 2127 369 2154 testatur
384 2123 518 2154 Nonius
537 2134 598 2163 ¹70
613 2136 619 2154 :
644 2124 799 2155 similiter
815 2123 903 2155 codd.
1005 2125 1077 2154 sim.
1096 2134 1159 2164 ego
1178 2123 1267 2154 illum
1283 2123 1316 2155 P
1409 2134 1564 2164 quoquos

236 2170 345 2206 (-qusi
363 2167 452 2198 codd.
567 2168 630 2207 383
655 2169 714 2198 sed
740 2178 829 2198 nunc
855 2167 1004 2198 caudore
1027 2178 1167 2207 operam
1188 2168 1268 2198 mihi
1291 2173 1325 2199 te
1341 2167 1417 2198 uolo
1435 2169 1516 2199 darc
1534 2168 1567 2198 Ρ

234 2211 314 2251 quid
340 2210 398 2245 ΡΙ,
423 2211 543 2250 ecquid
565 2211 611 2241 122
629 2215 665 2240 ut
684 2211 748 2242 vid.
882 2212 946 2250 385
971 2218 1068 2242 cauto
1095 2217 1128 2242 et
1154 2211 1276 2242 callido
1302 2211 1359 2241 A:
1385 2212 1503 2242 scitum
1529 2218 1562 2243 et

236 2254 392 2286 callidum
418 2254 452 2284 P
593 2256 654 2294 387
680 2260 731 2285 est
757 2254 789 2285 Ρ
929 2255 993 2293 389
1016 2256 1122 2285 adhuc
1147 2254 1179 2285 Ρ
1298 2254 1380 2296 cito]
1406 2255 1565 2286 celeriter

236 2299 267 2328 A
405 2309 468 2338 390
488 2299 581 2329 multi
606 2299 638 2328 A
730 2298 785 2338 qui
811 2298 892 2328 certi
918 2297 967 2330 P:
999 2305 1090 2329 certe
1112 2300 1168 2337 qui
1188 2298 1221 2328 A
1247 2299 1304 2329 vix
1324 2302 1399 2328 recta
1501 2309 1558 2338 39¹

238 2342 368 2373 istunce
393 2353 458 2381 ego
483 2347 662 2380 utrumque
680 2342 733 2372 A:
767 2343 850 2371 istuc
900 2341 952 2372 ΡΞ.
974 2353 1056 2380 vrgo
1082 2343 1251 2381 utrimque
1268 2342 1300 2372 Ρ
1399 2341 1563 2381 delectum

237 2387 269 2415 A
415 2396 479 2424 302>
504 2390 541 2415 u!
560 2392 661 2424 snpra
684 2385 716 2414 A
743 2390 779 2414 n!
803 2384 886 2415 md:
915 2385 964 2414 Ex
995 2386 1107 2415 multis
1131 2386 1270 2425 exquire
1293 2385 1355 2415 illis
1379 2396 1481 2416 unum
1508 2386 1564 2425 qui

238 2435 351 2459 certus
364 2430 426 2459 sict
446 2429 491 2460 P:
520 2433 527 2445 ‘
539 2429 697 2467 muffulae
712 2433 791 2459 sun!
806 2428 892 2459 duaa*
904 2428 1334 2468 versiones'Sefjffi·t·t(Berl.
1353 2428 1438 2460 Phil.
1456 2428 1562 2461 lVoclt.

242 2477 291 2512 16,
309 2475 385 2511 284¹
490 2482 554 2511 393
579 2473 712 2502 aduerit
731 2472 761 2502 A
853 2472 935 2502 dicis
954 2473 984 2502 A
1077 2483 1137 2512 394
1158 2473 1207 2503 vcl
1221 2473 1288 2503 abit
1357 2474 1517 2513 pscudols
1534 2472 1568 2504 P
