1747 2740
646 140 969 181 PSEVDOLVS
1418 144 1470 182 11.
1489 144 1518 183 ii

139 254 211 293 sed
231 252 324 293 uide
343 254 395 292 sis
416 267 466 292 ne
486 252 526 291 in
547 253 779 303 quaestione
801 252 851 291 sis
873 255 1035 303 quando
1056 268 1249 292 arcessam
1273 255 1379 292 mihi.
1499 267 1539 300 70

141 321 222 358 HA.
254 317 350 369 quin
385 317 453 357 ubi
487 319 694 369 prandero,
726 318 833 358 dabo
867 332 1027 369 operam
1063 333 1215 358 somno.
1287 322 1349 358 ΡΞ.
1383 333 1476 359 sane

1318 398 1472 423 censeo.

47 451 114 497 665
140 449 220 486 HA.
254 447 449 498 numquid
470 446 559 487 uis?
616 449 679 487 Ps.
711 447 927 487 dormitum
949 456 991 486 ut
1012 448 1141 487 abeas.
1194 451 1274 487 HA.
1308 449 1476 488 abeo-—

868 516 930 551 ΡΞ.
962 521 1081 563 atque
1102 514 1234 561 audin,
1261 515 1477 565 Harpage?

135 578 227 618 iube
248 578 299 618 sis
320 586 358 618 te
379 578 520 630 operiri
540 594 546 618 :
578 579 717 619 beatus
739 579 815 627 eri',
839 578 870 618 si
892 579 1187 618 consudaueris.

640 693 968 730 PSEVDOLVS
1493 688 1536 726 iii

135 771 187 810 Di
208 771 446 820 inmortales,
471 773 721 812 conseruauit
744 787 806 812 me
828 773 906 812 illic
927 775 1049 812 homo
1070 774 1245 812 aduentu
1268 787 1350 812 suo.

133 851 206 876 suo
226 838 372 877 uiatico
393 839 575 877 redduxit
598 853 660 877 me
682 853 808 889 usque
829 854 875 877 ex
897 853 1024 877 errore
1046 839 1084 877 in
1107 839 1222 877 uiam.

134 917 306 954 namque
327 904 411 954 ipsa
432 904 719 954 Opportunitas
742 918 821 942 non
844 904 973 954 potuit
994 904 1046 942 mi
1069 905 1329 955 opportunius

44 974 114 1016 670
132 969 321 1007 aduenire
342 983 460 1019 quam
484 971 582 1008 haec
602 971 756 1007 allatast
778 969 831 1007 mi
854 977 1078 1020 opportune
1100 969 1276 1020 epistula.

131 1048 223 1072 narn
245 1035 343 1072 haec
363 1036 479 1072 allata
500 1048 622 1072 cornu
643 1034 830 1085 copiaest,
855 1035 922 1074 ubi
945 1035 1046 1074 inest
1069 1035 1265 1086 quidquid
1287 1038 1404 1076 uolo:
1494 1052 1512 1084 5

130 1099 195 1138 hic
215 1099 306 1146 doli,
331 1099 395 1138 hic
416 1099 592 1138 fallaciae
613 1114 763 1147 omnes,
787 1100 852 1139 hic
874 1109 964 1139 sunt
986 1101 1282 1152 sycophantiae,

131 1165 196 1203 hic
215 1172 432 1215 argentum,
456 1166 520 1203 hic
541 1164 669 1203 amica
689 1165 838 1204 amanti
861 1166 942 1205 erili
966 1166 1057 1205 filio.

132 1238 252 1281 atque
273 1244 345 1281 ego
366 1244 472 1269 nunc
495 1244 558 1269 me
579 1238 621 1268 ut
641 1230 857 1280 gloriosum
879 1231 1019 1270 faciam
1041 1239 1079 1270 et
1101 1231 1191 1282 copi
1213 1240 1371 1283 pectore
1389 1249 1395 1271 :

45 1300 112 1345 675
133 1310 215 1347 quo
244 1297 366 1334 modo
396 1297 574 1346 quidque
603 1309 770 1346 agerem,
804 1305 846 1335 ut
876 1297 1010 1335 lenoni
1041 1311 1286 1348 surruperem
1321 1298 1472 1338 mulier-

1327 1366 1468 1411 culam,

131 1426 208 1465 iam
230 1426 416 1475 instituta,
440 1435 577 1466 ornata
598 1435 742 1466 cuncta
764 1427 802 1465 in
825 1427 975 1474 ordine,
999 1427 1133 1467 animo
1155 1436 1197 1467 ut
1218 1430 1431 1476 uolueram,
1498 1442 1535 1464 10

130 1500 246 1538 certa,
269 1493 488 1531 deformata
509 1493 706 1531 habebam
724 1507 733 1540 3
764 1494 834 1531 sed
857 1494 1034 1543 profecto
1056 1494 1132 1532 hoc
1154 1493 1209 1532 sic
1230 1494 1300 1533 erit
1318 1509 1324 1532 :

130 1565 290 1596 centum
312 1559 475 1596 doctum
497 1557 705 1596 bominum
728 1558 893 1596 consilia
915 1560 998 1597 sola
1019 1560 1116 1597 haec
1137 1559 1312 1598 deuincit
1333 1561 1418 1606 dea,

132 1625 315 1662 Fortuna.
357 1631 476 1673 atque
497 1624 574 1662 hoc
595 1637 733 1662 uerum
755 1631 813 1662 est
831 1639 837 1661 ε
869 1623 1036 1673 proinde
1054 1632 1095 1662 ut
1112 1624 1279 1675 quisque
1297 1627 1470 1664 Fortuna

1336 1690 1466 1737 utitur,

43 1755 113 1791 680
130 1753 184 1792 ita
204 1755 413 1804 praecellet
433 1761 552 1803 atque
573 1753 715 1793 exinde
737 1768 873 1804 sapere
894 1768 985 1793 eum
1008 1768 1147 1794 omnes
1168 1755 1346 1794 dicimus.

133 1819 234 1858 bene
255 1819 321 1857 ubi
343 1820 452 1869 quod
474 1818 619 1857 scimus
640 1819 849 1858 consilium
872 1820 1075 1868 accidisse,
1100 1820 1302 1859 hominem
1326 1828 1456 1859 catum
1491 1833 1528 1866 15

130 1898 221 1923 eum
243 1898 328 1923 esse
348 1885 605 1931 declaramus,
629 1886 791 1922 stultum
812 1892 945 1923 autem
968 1885 1077 1924 illum
1101 1886 1194 1936 quoi
1216 1885 1334 1925 uortit
1355 1887 1466 1925 male.

130 1949 237 1988 stulti
258 1951 335 1988 hau
357 1949 502 1988 scimus
520 1950 658 1987 frustra
679 1957 720 1987 ut
742 1949 874 1997 simus,
893 1964 1014 2001 quom
1034 1953 1142 2001 quod
1166 1951 1370 2002 cupienter
1386 1952 1468 1991 dari

173 2057 238 2096 669
263 2066 339 2086 nam
357 2056 376 2087 i.
393 2056 434 2085 mi
449 2054 629 2095 (mihi)0p.
649 2065 680 2086 n.
696 2065 726 2094 p.
744 2065 799 2094 op.
813 2055 847 2086 P
977 2058 1042 2095 670
1062 2057 1211 2098 allatast]
1233 2062 1353 2088 cauata
1371 2063 1421 2088 est
1440 2058 1472 2087 P

129 2101 191 2139 671
218 2101 348 2140 copiast
364 2099 452 2130 codd.
601 2101 665 2138 672
691 2099 788 2129 doliri
805 2099 839 2129 P
853 2099 948 2139 (corr.
967 2100 1031 2139 82)
1141 2101 1252 2142 [sunt]
1271 2101 1323 2131 hic
1342 2108 1419 2132 sunt
1438 2102 1471 2132 l’

131 2143 188 2183 (iv.
208 2145 245 2183 3)
392 2144 455 2182 673
479 2147 691 2180 argentumst
717 2144 800 2183 gest)
817 2142 1034 2174 Cameram'us
1180 2146 1244 2183 674
1271 2155 1323 2175 me
1341 2155 1371 2183 g.
1392 2146 1410 2175 s.
1432 2150 1467 2176 ut

131 2197 159 2218 c.
176 2186 210 2217 P
224 2188 273 2226 rii.
292 2187 327 2226 45
482 2188 545 2225 675
569 2186 695 2226 quique
714 2186 747 2216 P
855 2187 986 2217 lenonis
1004 2187 1037 2218 A
1190 2190 1256 2227 676
1280 2189 1464 2220 institutam

130 2230 214 2270 (om.
232 2231 366 2265 ornata)
383 2230 416 2260 A
438 2230 495 2270 (iii.
520 2231 572 2269 11)
715 2231 780 2269 678
805 2236 932 2261 certum
950 2231 982 2260 A
1129 2233 1194 2262 680
1219 2233 1403 2272 praecellet
1420 2233 1469 2263 vel

130 2274 171 2304 -it
188 2275 219 2304 A
312 2275 463 2315 ducimus
480 2274 512 2303 A
646 2273 707 2303 681
735 2274 842 2313 quo(d
861 2274 1042 2311 di)scimus
1057 2275 1088 2305 A
1110 2288 1116 2306 z
1143 2276 1224 2314 quid
1239 2277 1399 2306 discimus
1413 2277 1465 2307 I':

129 2318 207 2356 quoi
226 2329 272 2350 sc.
289 2318 553 2356 Acz'dcrlinssorl.
574 2321 649 2347 rerte
737 2320 792 2348 vix
807 2318 987 2348 disscimus
1135 2320 1200 2349 682
1226 2320 1412 2360 declaratur
1429 2319 1462 2350 A

128 2371 196 2400 quo
212 2361 245 2392 P
344 2364 408 2400 683
432 2362 554 2392 scimus
571 2360 660 2391 codd.
752 2361 832 2400 quid
851 2360 988 2402 Lipsius
1005 2362 1144 2401 (usitata
1152 2362 1288 2404 forma)

174 2471 292 2492 PLAvr.
311 2471 335 2491 11
1336 2464 1375 2494 19
