1747 2740
632 127 1039 176 MOSTELLARIA
1427 138 1505 177 111.
1529 136 1575 174 iii

450 347 893 385 THEOPROPIDES
1006 348 1231 385 TRANIO
1532 350 1660 388 miii

167 447 244 485 TR.
278 445 389 495 Quid
422 445 493 484 tibi
526 444 656 483 uisum
686 453 745 483 est
776 444 1037 483 mercimoni?
1105 447 1185 483 ΤΗ.
1217 445 1372 497 (totus)
1403 454 1508 485 totus

1338 513 1504 562 gaudeo.

77 579 243 622 905'1'R.
278 590 374 615 num
421 576 544 614 nimio
592 583 750 626 emptae
789 575 860 614 tibi
899 575 1114 615 uidentur?
1193 578 1273 615 ΤΗ.
1310 591 1505 627 nusquam

1081 642 1225 692 edepol
1246 656 1319 692 ego
1340 656 1403 681 me
1423 642 1506 681 scio

165 707 312 745 uidisse
341 720 532 757 umquam
559 706 733 745 abiectas
759 706 869 746 aedis
897 706 970 745 nisi
999 708 1121 745 modo
1149 708 1277 746 hasce.
1337 709 1413 746 TR.
1447 722 1506 746 ec-

1200 773 1296 823 quid
1317 774 1506 823 placent?

163 840 243 876 TH.
276 838 421 888 ecquid
455 840 637 889 placeant
681 852 744 877 me
788 839 930 888 rogas?
973 838 1096 877 immo
1131 840 1262 877 hercle
1296 852 1390 878 uero
1424 853 1506 889 per-

1333 906 1500 955 placent.

163 972 240 1010 TR.
263 971 518 1022 quoiusmodi
533 974 807 1023 gynaeceum?
827 971 924 1022 quid
940 971 1135 1022 porticum
1153 973 1169 1010 Ρ
1216 974 1251 1010 T
1256 984 1294 1010 H.
1319 971 1501 1010 insanum
1524 988 1540 1020 5

1341 1038 1499 1076 bonam.

162 1116 244 1142 non
264 1103 450 1154 equidem
472 1105 592 1142 ullam
614 1103 654 1141 in
674 1103 836 1154 publico
856 1117 941 1142 esse
963 1103 1152 1142 maiorem
1174 1105 1248 1142 hac
1268 1104 1474 1143 existumo.

74 1184 146 1220 910
162 1170 238 1207 TR.
271 1168 368 1219 quin
388 1183 462 1220 ego
482 1169 566 1220 ipse
586 1177 625 1207 et
647 1168 897 1207 Philolaches
919 1169 958 1206 in
980 1169 1141 1219 publico
1163 1169 1293 1208 omnis
1314 1170 1488 1220 porticus

162 1236 289 1273 sumu’
323 1234 555 1274 commensi.
614 1236 694 1273 ΤΗ.
727 1234 823 1285 quid
855 1234 999 1285 igitur?
1056 1237 1132 1273 TR.
1166 1237 1283 1286 longe
1321 1236 1500 1274 omnium

693 1300 697 1305 '
1166 1301 1409 1352 longissuma
1429 1310 1498 1341 est.

160 1368 240 1405 ΤΗ.
273 1366 314 1405 di
334 1366 573 1414 inmortales,
598 1365 831 1405 mercimoni
852 1365 973 1416 lepidi
991 1369 997 1404 l
1027 1364 1093 1417 (si)
1113 1367 1244 1405 hercle
1265 1381 1372 1406 nunc
1392 1369 1487 1407 ferat

160 1446 227 1472 sex
248 1434 394 1471 talenta
415 1447 557 1484 magna
577 1433 727 1483 argenti
749 1447 819 1483 pro
840 1432 922 1470 istis
944 1432 1218 1482 praesentaria,
1522 1447 1560 1468 10

160 1512 378 1549 numquam
412 1497 616 1548 accipiam.
687 1499 764 1535 TR.
797 1497 829 1535 si
863 1498 995 1536 hercle
1029 1497 1208 1548 accipere
1242 1498 1388 1549 cupies,
1426 1514 1498 1550 ego

1119 1577 1337 1614 numquam
1359 1565 1496 1604 sinam.

71 1643 137 1680 915
160 1632 239 1669 ΤΗ.
274 1631 375 1669 bene
396 1643 455 1669 res
478 1638 611 1669 nostra
632 1631 840 1669 conlocata
861 1637 919 1668 est
941 1628 1040 1667 istoc
1062 1629 1331 1669 mercimonio.

158 1698 235 1735 ΤΚ.
269 1710 332 1735 me
354 1710 512 1735 suasore
533 1704 652 1746 atque
674 1696 888 1746 impulsore
911 1695 951 1734 id
973 1696 1120 1733 factum
1149 1696 1336 1735 audacter
1363 1696 1495 1745 dicito,

157 1761 225 1812 qui
246 1761 383 1812 subegi
405 1763 564 1800 faenore
586 1770 791 1812 argentum
814 1763 865 1800 ab
887 1761 1042 1800 danista
1063 1768 1104 1798 ut
1126 1768 1307 1808 sumeret,

157 1828 267 1878 quod
288 1827 350 1866 isti
371 1827 555 1866 dedimus
582 1828 774 1867 arraboni.
836 1831 915 1867 ΤΗ.
951 1827 1156 1867 seruauisti
1179 1841 1339 1866 omnem
1361 1836 1496 1867 ratem.
1523 1844 1557 1875 15

158 1907 303 1944 nempe
330 1893 532 1944 octoginta
552 1894 748 1933 debentur
773 1894 864 1933 huic
894 1894 1057 1933 minae?
1115 1895 1191 1931 ΤΕ.
1225 1894 1302 1932 hau
1333 1907 1499 1933 nummo

1316 1959 1495 2010 amplius.

69 2040 140 2074 920
158 2026 237 2064 ΤΗ.
271 2025 391 2066 hodie
425 2025 601 2077 accipiat.
675 2028 752 2065 TR.
785 2025 839 2065 ita
873 2026 979 2065 enim
1015 2040 1120 2072 uero,
1160 2039 1210 2063 ne
1245 2038 1322 2074 qua
1362 2038 1500 2063 caussa

1335 2089 1494 2140 supsiet.

201 2209 266 2239 904
284 2203 375 2230 totus
388 2197 464 2230 add.
483 2197 641 2230 Gruterus
657 2198 760 2238 :sot-t,
775 2196 931 2239 (omnis)
944 2197 1066 2229 (ΗΜ-υ.
1085 2196 1182 2229 stud.
1198 2208 1228 2235 9,
1248 2196 1321 2235 130*
1338 2194 1496 2236 vel<quid

158 2243 237 2272 mihi
250 2242 283 2284 ³>
393 2253 458 2282 905
485 2252 645 2282 nusquam
664 2242 807 2273 Sclzoellz
835 2251 1018 2281 numquam
1030 2242 1071 2279 P,
1089 2241 1121 2270 A
1137 2252 1168 2272 n.
1186 2241 1204 2271 l.
1300 2250 1363 2276 ego
1380 2250 1445 2270 om.
1462 2239 1494 2269 A

157 2286 242 2317 scito
259 2286 292 2317 P
429 2287 496 2325 906
518 2286 667 2317 ablectas
683 2286 722 2326 P,
743 2286 775 2316 A
795 2297 828 2317 n.
845 2286 865 2317 l.
1001 2295 1064 2325 907
1091 2295 1138 2315 ec.
1160 2284 1295 2324 placent
1315 2283 1354 2321 P,
1374 2283 1407 2312 A
1429 2295 1459 2314 η.
1473 2283 1492 2314 Ι.

156 2339 221 2368 912
244 2329 272 2361 si
289 2329 365 2362 add.
387 2329 598 2361 comm-amics
615 2329 662 2364 (A
683 2341 715 2362 n.
732 2330 771 2367 Ι.)
950 2339 1015 2369 9ῐ4
1040 2329 1202 2368 accipiem
1219 2328 1258 2365 P,
1278 2327 1311 2358 A
1332 2338 1362 2358 n.
1385 2327 1403 2357 I.
1427 2327 1497 2363 (vix

156 2373 292 2414 antiqua
301 2374 435 2414 formal
511 2373 624 2404 hercle
641 2373 715 2406 Ital.
734 2385 740 2404 :
766 2383 824 2404 ere
841 2378 875 2404 te
892 2372 932 2412 P,
952 2372 985 2402 A
1003 2384 1034 2404 n.
1050 2373 1068 2403 l.
1146 2372 1263 2412 cupias
1282 2372 1494 2403 Camerarius

156 2416 204 2458 (A
225 2428 255 2448 n.
271 2417 309 2458 l.)
443 2418 507 2458 918
531 2417 612 2458 quid
628 2417 661 2448 A
