1747 2740
183 105 229 143 V.
253 103 282 142 ii
503 105 548 143 T.
583 104 765 145 MACCI
798 104 1002 143 PLAVTI
1035 105 1357 145 PSEVDOLVS

254 222 371 258 Slmo.
402 221 531 259 redeo.
594 221 655 257 Ps.
687 219 803 258 simul
825 233 981 258 mecum
1002 217 1051 271 (i)
1070 226 1260 270 potatum.
1320 221 1437 258 SIMO.
1464 233 1591 270 egone

904 286 1022 323 eam?
1079 286 1141 322 ΡΞ.
1174 286 1235 323 fac
1255 285 1365 335 quod
1386 292 1423 323 te
1444 284 1564 323 iubeo
1582 299 1590 323 :

188 365 230 396 45
253 349 348 397 siis,
371 358 439 389 aut
459 349 670 389 dimidium
697 356 764 388 aut
792 351 880 400 plus
910 349 1028 388 etiam
1059 350 1148 388 faxo
1177 348 1270 387 hinc
1300 350 1409 388 feres.
1469 350 1588 388 Smo.

1150 429 1210 461 eo,
1232 415 1311 453 due
1332 427 1395 453 me
1416 427 1497 464 quo
1517 413 1587 453 uis.

416 482 478 519 Ps.
511 480 607 531 quid
629 481 765 519 nunc?
795 479 990 530 numquid
1012 479 1130 518 iratus
1151 493 1192 518 es

359 553 426 583 aut
448 544 543 583 mihi
563 553 630 583 aut
652 545 732 583 filio
753 553 912 595 propter
932 545 1002 583 has
1023 558 1094 592 resa,
1118 544 1257 583 Simo?
1612 558 1702 594 1330

359 613 477 649 Smo.
510 609 563 648 nil
602 610 789 660 profectc').
862 612 924 648 Ps.
958 609 969 648 i
1008 610 1092 648 hzic.
1153 619 1191 648 te
1229 622 1383 660 sequor.
1467 611 1586 648 Smo.

1351 673 1448 725 quin
1468 688 1589 714 uocas

361 748 600 791 spectatores
621 740 768 779 sirmil?
826 742 888 779 Ps.
921 742 1053 780 hercle
1073 754 1137 780 me
1157 739 1220 779 isti
1241 741 1319 779 hau
1339 741 1469 779 solent

191 820 233 852 50
415 819 569 852 uocare,
592 805 721 856 ruffque
742 819 834 856 ergo
855 820 928 856 ego
948 805 1043 845 istos
1059 821 1069 854 3

254 884 391 909 uerum
412 870 467 909 sei
495 870 612 909 uoltis
639 872 881 921 adplaudere
908 879 1026 922 atque
1052 871 1273 921 adprobare
1300 871 1406 909 hunc
1431 884 1589 922 gregem

778 943 816 974 et
836 936 1010 974 fabulam
1031 935 1070 973 in
1092 935 1305 974 crastinum
1327 949 1399 974 uos
1420 935 1586 975 uocabo.

300 1050 380 1078 1327
408 1039 416 1070 ἰ
442 1039 519 1070 add.
541 1040 613 1070 Ital.
636 1039 686 1080 (A
708 1039 795 1070 11.le
814 1039 850 1070 si.
869 1040 904 1078 4)
1042 1040 1125 1078 1328
1150 1039 1224 1079 pius
1242 1038 1275 1069 P
1406 1049 1490 1079 1329
1514 1050 1586 1079 sqq.

251 1084 296 1113 sic
333 1083 412 1123 disp.
455 1083 498 1121 A,
541 1084 622 1122 quid
649 1106 656 1113 .
677 1106 712 1115 ..
741 1083 895 1123 profecto
936 1083 981 1124 (v.
1013 1084 1123 1124 1331),
1161 1083 1171 1113 i
1196 1104 1205 1113 .
1226 1106 1234 1114 .
1254 1106 1262 1114 .
1289 1082 1373 1114 istos
1404 1085 1451 1123 (v.
1491 1086 1588 1124 1333)

255 1137 336 1167 1333
361 1137 442 1166 ergo
460 1137 523 1157 om.
545 1127 578 1157 A
