1747 2740
702 130 881 169 PERSA
1388 130 1456 169 IV.
1477 130 1525 168 iv

36 249 106 284 610
125 247 202 284 To.
236 246 412 285 ehodum
439 247 528 292 huc,
555 244 675 294 uirgo.
735 244 829 283 uide
856 243 907 282 sis
935 243 1031 294 quid
1059 257 1162 293 agaS.
1220 245 1284 281 V1.
1317 251 1456 291 taceas,

1106 309 1254 347 curabo
1274 317 1316 346 ut
1338 311 1459 348 uoles.

124 377 199 415 TO.
241 390 405 426 sequere
441 389 514 413 me.
573 375 734 413 adduco
766 375 880 421 hanc,
904 373 936 412 si
972 373 1069 424 quid
1102 373 1161 412 uis
1193 388 1239 412 ex
1274 375 1346 412 hac
1381 388 1463 425 per-

1253 440 1457 478 contarier.

122 508 200 545 Do.
233 506 339 545 enim
363 507 457 543 uolo
478 513 516 543 te
536 506 686 543 adesse.
747 506 822 543 To.
855 506 932 543 hau
957 518 1120 555 possum
1142 504 1237 554 quin
1259 504 1350 543 huic
1371 519 1461 555 ope-

1081 584 1163 608 ram
1185 571 1277 608 dem
1300 570 1455 621 hospiti,

120 638 215 687 quoi
234 650 323 675 erus
342 635 464 675 iussit.
516 635 612 686 quid
633 635 664 674 si
685 635 750 674 hic
766 649 846 674 non
869 637 953 674 uolt
974 649 1037 674 me
1058 649 1137 674 una
1157 637 1325 674 adesse?
1363 638 1455 674 SAG.
1479 642 1519 684 65

1148 700 1270 739 immo
1292 700 1302 738 i
1325 702 1456 739 modo.

121 769 195 806 To.
227 767 281 805 do
302 765 371 805 tibi
395 780 468 816 ego
488 779 660 816 operam.
724 768 800 804 Do.
834 765 905 804 tibi
927 765 1076 804 ibidem
1099 767 1181 812 das,
1197 765 1265 804 ubi
1287 773 1327 804 tu
1350 773 1459 805 tuom

1087 831 1259 869 amicum
1282 831 1457 870 adiuuas.

31 898 99 942 615
121 899 214 937 SAG.
247 897 416 947 exquire.
473 899 546 935 To.
578 898 675 935 heus
697 896 947 946 tu‚aduigila.
999 898 1063 934 V1.
1094 896 1186 934 satis
1207 905 1265 935 est
1285 897 1458 935 dictum:

861 976 1104 1012 quamquam
1132 976 1205 1012 ego
1227 976 1339 1001 serua
1359 976 1457 1010 sum,

121 1028 203 1067 scio
234 1042 307 1078 ego
339 1028 513 1067 officium
549 1042 694 1074 meum,
724 1035 766 1066 ut
798 1041 899 1078 quae
934 1027 1076 1078 rogiter
1110 1042 1213 1075 uera,
1240 1036 1282 1066 ut
1311 1029 1458 1079 accepi,

1285 1095 1456 1144 eloquar.

120 1161 194 1198 TO.
227 1160 347 1210 uirgo,
367 1161 431 1198 hic
452 1161 575 1199 homo
595 1160 743 1210 probus
764 1167 832 1198 est.
894 1161 959 1198 V1.
992 1160 1121 1198 credo.
1182 1161 1255 1197 TO.
1289 1173 1369 1198 non
1391 1159 1459 1198 diu

1042 1227 1149 1275 apud
1171 1226 1278 1263 hunc
1299 1225 1455 1265 seruies.

120 1292 183 1328 V1.
217 1290 269 1329 ita
290 1293 356 1341 pol
377 1305 503 1341 spero,
527 1290 559 1329 si
580 1299 762 1341 parentes
783 1290 928 1330 facient
949 1290 1121 1328 officium
1144 1304 1268 1328 suom.
1481 1305 1520 1338 70

122 1357 198 1393 Do.
231 1357 326 1394 nolo
347 1370 420 1406 ego
441 1364 479 1394 te
500 1355 640 1403 mirari,
665 1356 696 1394 si
718 1370 790 1395 nos
811 1371 858 1394 ex
879 1364 917 1394 te
937 1355 1259 1406 percontabimur

32 1424 102 1459 620
119 1428 187 1460 aut
213 1420 378 1472 patriam
406 1429 514 1460 tuam
543 1429 611 1460 aut
636 1430 828 1472 parentes.
888 1424 954 1459 VI.
985 1435 1058 1471 qur
1078 1435 1151 1471 ego
1172 1421 1236 1460 hic
1257 1422 1382 1469 mirer,
1406 1422 1459 1461 mi

1309 1489 1460 1527 homo?

120 1551 286 1591 seruitus
308 1565 396 1590 mea
416 1551 470 1590 mi
491 1551 690 1592 interdixit
711 1567 761 1592 ne
782 1553 878 1603 quid
900 1553 1016 1592 mirer
1037 1567 1170 1592 meum
1192 1555 1350 1592 malum.

121 1619 199 1657 DO.
239 1617 321 1656 noli
355 1619 457 1656 flere.
519 1620 592 1656 TO.
637 1620 698 1666 ah,
729 1618 769 1657 di
804 1618 918 1657 istam
949 1620 1138 1669 perdant!
1179 1619 1232 1658 ita
1265 1627 1389 1658 catast
1421 1627 1459 1659 et

1303 1685 1456 1724 callida.

118 1756 161 1787 ut
195 1748 352 1799 sapiens
386 1749 507 1788 habet
536 1750 614 1797 c6r,
643 1764 762 1800 quam
793 1750 889 1789 dicit
918 1751 1027 1801 quod
1057 1753 1199 1801 opust!
1247 1753 1324 1789 Do.
1362 1751 1458 1801 quid
1482 1762 1518 1797 75

1151 1830 1299 1855 nomen
1321 1816 1459 1855 tibist?

119 1880 193 1918 To.
223 1893 330 1918 nunc
360 1887 495 1919 metuo
526 1894 575 1919 ne
602 1888 749 1931 peccet.
795 1883 832 1919 V
837 1894 859 1919 1.
896 1881 1057 1921 Lucridi
1086 1896 1234 1921 nomen
1265 1882 1305 1920 in
1335 1882 1460 1933 patria

1372 1948 1455 1986 fuit.

29 2010 96 2056 625
118 2011 193 2049 To.
230 2024 377 2049 nomen
404 2018 524 2061 atque
551 2025 670 2051 omen
698 2012 897 2062 quantiuis
927 2012 1004 2052 iam
1032 2021 1090 2052 est
1118 2013 1227 2064 preti.
1289 2013 1384 2064 quin
1416 2021 1456 2052 tu

1205 2081 1307 2117 hanc
1330 2079 1457 2117 emis?

119 2140 226 2179 nimi’
247 2142 442 2192 paucbam
465 2156 514 2180 nc
535 2151 726 2193 peccaret.
786 2144 998 2195 expediuit.
1062 2147 1137 2183 Do.
1172 2144 1202 2183 si
1226 2153 1264 2183 te
1286 2159 1427 2191 emam,

160 2247 225 2276 610
247 2257 312 2277 om.
328 2246 370 2285 P,
384 2248 419 2286 (js.
437 2246 524 2286 Gray
536 2247 658 2279 (class.
674 2249 753 2279 Rev.
774 2260 822 2288 14.
837 2250 894 2288 245
985 2251 1049 2280 612
1074 2250 1118 2279 hu
1131 2248 1163 2278 A
1249 2251 1312 2287 613
1333 2249 1454 2280 adesse

118 2299 183 2319 una
196 2290 229 2320 P
351 2292 414 2329 614
440 2302 502 2328 ego
520 2291 579 2321 tibi
596 2290 630 2320 P
752 2295 818 2323 616
842 2294 1012 2332 rogiterA
1033 2297 1070 2323 ul
1085 2293 1147 2323 m'd.
1162 2293 1241 2332 (-tet
1253 2295 1277 2332 3)
1293 2305 1299 2324 ι
1330 2294 1455 2332 rogitet

117 2333 150 2363 P
213 2335 279 2373 619
303 2334 423 2364 minari
445 2333 479 2364 P
555 2337 620 2365 620
645 2336 714 2366 hic*
734 2337 766 2367 id
784 2337 816 2367 P
881 2338 983 2367 homo
999 2337 1085 2367 miA
1165 2337 1228 2367 620
1254 2342 1289 2368 ut
1300 2337 1453 2378 sapiens]

119 2376 191 2407 iens
209 2378 299 2419 (post
313 2378 485 2418 lacunam)
503 2379 536 2409 P
551 2379 629 2417 (nec
647 2380 767 2411 dolens
789 2381 824 2414 T.
845 2392 911 2412 om,
929 2381 1019 2412 PBG]
1089 2381 1178 2420 quod
1205 2392 1236 2411 n.
1255 2382 1288 2411 A
1390 2383 1454 2419 624

118 2422 223 2462 nunc]
242 2426 346 2452 nontc
366 2422 399 2452 P
487 2422 626 2453 lucridei
643 2424 675 2452 A
767 2426 831 2464 625
857 2431 923 2455 tam
941 2436 986 2455 cm
1003 2425 1066 2455 iam
1084 2426 1191 2457 insert.
1209 2425 1242 2454 A
1259 2436 1265 2455 ε
1291 2436 1356 2455 om.
1370 2425 1404 2455 P
