1747 2740
604 112 954 152 TRINVMMVS
1379 116 1447 153 IV.
1469 115 1514 151 iii

118 237 254 263 eamus
282 223 394 271 intro,
418 237 593 275 sequere.
653 226 717 264 ST.
754 239 835 276 quo
862 233 903 264 tu
932 225 969 265 te
995 225 1108 276 agis?
1164 227 1242 266 CH.
1276 240 1450 276 quonam

1162 291 1233 329 nisi
1257 292 1421 330 domum
1437 293 1453 329 ?

116 356 179 394 ST.
221 354 353 394 hicine
387 368 459 394 nos
494 354 671 394 habitare
706 358 874 395 censes?
931 358 1009 397 CH.
1052 357 1213 395 ubinam
1251 371 1323 407 ego
1357 357 1450 395 alibi

1237 436 1420 461 censeam
1435 423 1451 459 ?

9 489 99 526 1080
117 487 180 525 ST.
212 485 424 525 iam—CH.
456 485 553 536 quid
574 485 682 524 iam?
726 488 789 526 ST.
820 500 900 526 non
918 496 1009 526 sunt
1026 495 1181 526 nostrae
1201 488 1320 526 aedes
1341 486 1447 526 istae.

854 553 932 592 CH.
965 552 1061 602 quid
1083 566 1156 602 ego
1177 566 1222 590 ex
1244 559 1281 590 te
1301 551 1451 590 audio?

114 618 177 656 ST.
210 615 391 655 uendidit
413 618 492 655 tuo⁷
513 623 629 655 natus
645 616 891 657 aedis—CH.
924 617 1019 668 perii
1039 621 1044 656 !
1090 620 1153 657 ST.
1177 617 1449 668 praesentariis

112 681 259 733 argenti
283 681 399 720 minis
421 681 771 723 numeratis—CH.
802 684 929 734 quot?
977 684 1040 722 ST.
1064 682 1334 733 quadraginta.
1367 683 1444 721 CH.
1471 691 1508 722 15

1294 747 1421 786 occidi
1441 750 1446 785 ἓ

113 813 200 864 quis
230 826 295 851 eas
325 812 450 852 emit?
507 815 569 852 ST.
609 814 803 861 Callicles,
827 813 921 864 quoi
949 820 1056 852 tuam
1082 827 1163 853 rem
1194 814 1448 852 commenda-

1310 892 1446 927 ueras,-

111 944 142 983 is
163 944 384 984 habitatum
408 945 486 983 huc
507 944 781 995 commigrauit
804 958 957 995 nosque
979 944 1201 983 exturbauit
1222 945 1334 983 foras.

7 1014 89 1059 1085
110 1011 189 1050 CH.
216 1009 284 1048 ubi
306 1023 413 1048 nunc
430 1008 532 1047 filius
554 1023 664 1048 meus
681 1009 862 1048 habitat?
910 1012 975 1049 ST.
1004 1010 1068 1048 hic
1084 1009 1123 1048 in
1141 1011 1217 1048 hoc
1238 1009 1443 1060 posticulo.

110 1076 188 1116 CH.
221 1076 323 1114 male
344 1074 528 1126 disperii!
587 1077 650 1114 ST.
683 1074 833 1114 credidi
860 1088 973 1125 aegre
994 1075 1065 1113 tibi
1093 1075 1143 1122 id,
1168 1075 1234 1113 ubi
1256 1075 1444 1124 audisses,

1350 1142 1442 1181 fore.

109 1207 188 1247 CH.
220 1220 293 1258 ego
315 1205 579 1246 miserrumeis
600 1205 756 1256 periclis
777 1219 863 1244 sum
885 1219 954 1256 per
975 1205 1095 1244 maria
1117 1219 1300 1245 maxuma
1463 1211 1506 1243 80

109 1280 260 1321 uectus,
280 1272 437 1324 capitali
458 1272 605 1324 periclo
627 1285 696 1323 per
716 1272 937 1322 praedones
959 1273 1162 1322 plurumos

108 1352 172 1377 me
192 1338 357 1386 seruaui,
381 1339 511 1377 saluos
533 1337 654 1377 redii:
685 1351 792 1375 nunc
813 1336 877 1375 hic
899 1336 1057 1387 disperii
1080 1337 1196 1376 miser

8 1415 91 1453 :090
108 1412 266 1456 propter
285 1405 448 1444 eosdem
470 1417 639 1455 quorum
661 1417 801 1442 caussa
821 1402 876 1441 fui
897 1404 974 1442 hoc
995 1411 1122 1442 aetate
1143 1404 1344 1443 exercitus.

105 1469 244 1509 adimit
263 1469 436 1508 animam
459 1469 513 1507 mi
528 1468 744 1520 aegritudo.
795 1468 974 1516 Stasime‚
999 1476 1088 1507 tene
1110 1483 1182 1508 me.
1235 1472 1297 1508 ST.
1331 1468 1442 1508 uisne

1295 1549 1439 1585 aquam

104 1600 175 1640 tibi
213 1602 376 1652 petam?
434 1602 511 1641 CH.
558 1614 618 1640 res
658 1614 779 1651 quom
824 1599 996 1638 animam
1037 1600 1189 1651 agebat,
1231 1602 1314 1638 tum
1355 1614 1439 1639 esse
1461 1605 1500 1646 85

1064 1667 1228 1704 offusam
1253 1666 1436 1716 oportuit.

186 1832 505 1872 CALLICLES
618 1829 964 1869 CHARMIDES
1077 1830 1357 1867 STAsmivs
1458 1826 1504 1863 iv

212 1929 284 1967 CA.
318 1925 426 1976 Quid
448 1927 524 1964 hoc
546 1926 610 1964 hic
631 1924 813 1964 clamoris
835 1924 954 1963 audio
976 1932 1068 1962 ante
1089 1923 1197 1962 aedis
1220 1924 1356 1964 meas?

211 1994 289 2032 CH.
323 2006 347 2030 o
369 1990 562 2038 Callicles,
586 2004 610 2029 o
632 1990 826 2035 Callicles,
849 2004 873 2028 o
895 1988 1078 2029 Callicles
1096 1992 1102 2027 Ε

15 2071 82 2109 095
210 2057 369 2108 qualine
389 2055 518 2095 arnico
540 2069 628 2094 mea
649 2055 929 2095 commendaui
952 2055 1088 2094 bona?

211 2123 283 2162 CA.
316 2122 441 2172 probo
463 2129 499 2159 et
522 2120 626 2159 fideli
648 2129 685 2159 et
708 2122 789 2159 fido
810 2128 847 2158 et
870 2133 958 2158 cum
985 2132 1125 2169 magna
1147 2119 1236 2158 fide.

149 2224 231 2262 1078
255 2234 321 2263 quo
340 2221 392 2263 tu]
409 2232 554 2260 quonam
574 2226 608 2251 tu
625 2220 658 2250 A
793 2230 938 2259 quonam
963 2230 1025 2250 cen
1046 2221 1077 2250 A
1097 2221 1148 2250 liic
1162 2219 1311 2249 desinens
1327 2220 1359 2249 in
1368 2220 1441 2258 fine

94 2268 238 2308 paginae
262 2268 296 2303 ''d‘-
314 2277 336 2297 ε.
366 2275 510 2305 quonam
537 2275 668 2297 censes.
697 2264 760 2294 nisi
786 2265 944 2294 domum?
980 2263 1209 2302 Studemuncl)
1357 2265 1439 2294 1080

100 2311 250 2341 aedisste
273 2309 354 2347 cod.,
374 2308 460 2339 unde
475 2309 589 2340 aedes.
641 2309 706 2339 CH.
734 2308 881 2338 Stasime
899 2307 1029 2337 Schorll
1174 2309 1254 2345 1083
1280 2306 1344 2345 Qui
1363 2306 1437 2337 PCD

105 2356 189 2394 1089
212 2354 303 2385 salus
321 2353 384 2385 cod.
524 2362 607 2391 1090
631 2354 692 2383 hoc
711 2357 823 2383 aetate
844 2358 851 2368 *
868 2352 1045 2381 masculini
1060 2350 1205 2391 gcnem's'
1225 2351 1357 2381 A'om'us
1378 2361 1438 2390 192

103 2400 129 2438 (⁴
144 2398 162 2429 ι’.
179 2410 202 2430 e.
223 2399 285 2430 hoc
301 2397 432 2435 aetatis,
453 2396 584 2427 soloece·
599 2395 679 2436 Leo)
696 2407 703 2428 :
731 2397 792 2426 hae
809 2400 920 2426 aetate
937 2394 1000 2426 cod.
1142 2404 1224 2434 1092
1249 2395 1355 2425 offusa
1368 2394 1432 2426 cod.

160 2458 278 2480 PLAVT.
301 2457 324 2478 11
1281 2450 1322 2480 31
