1747 2740
217 81 247 121 Ι.

209 205 251 235 80

203 994 246 1025 90

205 1385 246 1416 95

186 1909 246 1934 100

269 81 315 119 iii
695 80 740 119 T.
776 81 957 122 MACCI
990 80 1195 120 PLAVTI

272 194 342 231 ΒΑ.
375 207 455 232 non
477 201 535 232 est
556 193 679 232 iustus
701 192 910 243 quisquam
927 201 1079 232 amator
1095 192 1168 231 nisi
1185 193 1253 243 qui
1272 201 1479 244 perpetuat
1494 194 1605 243 data;

270 259 350 305 det,
373 259 440 296 det
461 272 586 308 usque
604 273 610 295 :
641 259 803 308 quando
825 257 877 295 nil
899 256 958 303 sit,
982 257 1097 295 simul
1118 271 1249 297 amare
1270 258 1436 297 desinat.

271 324 386 363 CALI.
411 323 517 362 nilne
538 331 576 362 te
598 322 783 362 miseret?
832 325 902 360 BA.
930 322 1058 361 inanis
1078 323 1197 370 cedis,
1220 323 1327 362 dicta
1346 337 1427 363 non
1447 332 1601 363 sonant.

268 397 388 439 atque
417 403 490 440 ego
521 397 558 428 te
588 388 724 427 uiuom
755 389 989 438 saluomque
1019 389 1175 427 uellem.
1235 390 1297 427 Ps.
1330 389 1407 428 eho
1440 403 1491 428 an
1525 389 1603 428 iam

1382 457 1605 495 mortuost?

271 523 343 559 BA.
375 528 462 559 utut
474 528 546 568 est,
559 519 655 558 mihi
673 520 836 570 quidem
852 521 1030 571 profecto
1046 533 1137 559 cum
1152 519 1237 560 istis
1252 519 1370 560 dictis
1383 528 1579 560 mortuost
1596 537 1603 560 ε
1623 534 1694 568 310

236 604 246 610 ·
270 585 360 625 ilico
382 585 477 624 uixit
498 594 660 632 amator,
684 585 751 624 ubi
773 585 906 624 lenoni
928 585 1134 636 supplicat.

269 665 424 702 semper
444 659 485 689 tu
507 652 558 690 ad
580 665 642 690 me
664 665 754 689 curn
775 659 976 701 argentata
996 651 1178 690 accedito
1200 651 1472 702 querimonia3

269 730 360 755 nam
382 717 482 755 istuc
503 717 613 766 quod
634 730 740 755 nunc
761 718 987 763 lamentare,
1011 730 1092 755 non
1113 730 1199 756 esse
1219 725 1425 767 argentum
1447 716 1529 763 tibi,

267 783 375 832 apud
409 795 623 821 nouercam
659 795 831 832 querere.
894 784 956 820 Ps.
989 782 1066 820 eho
1100 795 1150 820 an
1185 795 1376 832 umquam
1411 789 1452 820 tu
1487 782 1603 820 huius

1286 846 1452 898 nupsisti
1474 847 1603 898 patri?

269 913 339 950 BA.
373 911 412 951 di
434 911 596 951 meliora
617 912 738 951 faxint
758 915 764 950 l
824 914 886 951 Ps.
919 913 1004 951 face
1024 913 1134 963 quod
1155 920 1193 951 te
1217 926 1411 963 rogamus,
1435 911 1573 960 Ballio,
1621 923 1687 960 315

268 991 355 1016 mea
376 978 464 1025 fide,
489 977 519 1016 si
541 977 603 1016 isti
625 977 814 1016 formidas
835 979 1004 1016 credere.
1064 991 1138 1027 ego
1159 977 1197 1015 in
1219 979 1297 1016 hoc
1318 977 1449 1016 triduo

264 1051 332 1081 aut
354 1050 453 1082 terra
473 1051 540 1082 aut
563 1045 658 1081 mari
678 1043 863 1081 alicunde
884 1044 1069 1082 euoluam
1090 1042 1131 1081 id
1150 1050 1357 1093 argentum
1378 1042 1461 1081 tibi.

266 1110 337 1146 BA.
371 1108 441 1147 tibi
467 1122 540 1159 ego
565 1109 755 1148 credam?
823 1110 886 1146 Ps.
919 1121 992 1158 qur
1018 1109 1129 1146 non?
1201 1110 1272 1146 ΒΑ.
1305 1107 1399 1158 quia
1427 1109 1493 1158 pol
1523 1107 1602 1158 (μέ,

1210 1186 1329 1223 opera
1349 1174 1508 1213 credam
1530 1172 1600 1211 tibi

266 1252 344 1277 una
365 1252 484 1290 opera
504 1239 659 1289 alligem
681 1238 887 1289 fugitiuum
909 1239 1048 1278 cz'mem
1069 1238 1222 1289 agninis
1243 1239 1422 1277 lactibus.

267 1306 382 1344 CALI.
416 1304 537 1343 sicine
559 1304 654 1343 mihi
675 1318 745 1355 aps
767 1312 804 1343 te
825 1304 928 1343 bene
950 1303 1114 1342 merenti
1137 1305 1238 1342 male
1259 1305 1421 1343 refertur
1440 1303 1592 1354 gratia?
1621 1317 1691 1352 320

268 1372 340 1408 BA.
372 1369 468 1420 quid
498 1384 603 1409 nunc
634 1370 723 1409 uis?
780 1371 896 1410 (ΞΛΜ.
929 1378 972 1408 ut
1001 1368 1205 1420 opperiare
1231 1370 1305 1408 hos
1332 1382 1399 1408 sex
1426 1369 1511 1408 dies
1536 1369 1602 1407 ali-

1357 1447 1458 1484 quos
1478 1435 1602 1473 modo

266 1514 316 1540 ne
347 1500 452 1540 illam
483 1502 633 1540 uendas
663 1514 741 1540 neu
772 1515 835 1540 me
862 1501 1003 1551 perdas
1031 1500 1235 1540 hominem
1255 1508 1467 1539 amantem.
1528 1502 1598 1539 BA.

975 1610 977 1612 ,
1261 1565 1396 1605 animo
1417 1566 1526 1605 bono
1546 1579 1598 1605 es.

265 1633 329 1670 uel
349 1646 416 1670 sex
437 1646 593 1671 menses
615 1631 836 1682 opperibor.
879 1633 995 1671 CALI.
1029 1644 1162 1682 eugae‚
1182 1632 1304 1670 homo
1320 1630 1600 1682 lepidissume!

266 1700 336 1735 BA.
370 1697 492 1735 immo
514 1697 604 1736 uein
626 1697 744 1735 etiam
766 1705 805 1736 te
825 1697 965 1735 faciam
988 1710 1034 1735 ex
1055 1698 1158 1736 laeto
1179 1698 1390 1736 laetantem
1413 1695 1566 1748 magis?

265 1764 380 1803 (ΞΛΜ.
413 1763 510 1813 quid
540 1763 650 1801 iam?
708 1764 779 1801 BA.
812 1762 906 1813 quia
925 1762 1030 1801 enim
1057 1776 1137 1801 non
1158 1763 1340 1802 uenalem
1368 1762 1446 1800 idm
1471 1762 1600 1801 habeo
1619 1773 1685 1810 325

1325 1827 1597 1867 Phoenicium.

267 1895 381 1934 (ΞΛΜ.
415 1907 496 1933 non
517 1894 670 1933 habes?
728 1895 800 1932 ΒΛ.
832 1907 913 1933 non
934 1894 1065 1933 hercle
1081 1907 1186 1933 uero.
1239 1894 1355 1934 (ΞΛΜ.
1390 1894 1598 1940 Pseudole‚

1230 1961 1242 1998 i
1261 1973 1418 2014 accerse
1439 1959 1600 2008 hostias,

308 2058 372 2094 306
397 2057 520 2098 iustus]
541 2067 603 2087 usu
617 2056 697 2096 (Λή)
713 2056 786 2088 ltal.
858 2056 1036 2096 quicquam
1052 2056 1084 2086 A
1175 2067 1238 2097 307
1264 2057 1321 2088 det
1339 2056 1412 2097 det]
1433 2056 1557 2096 detque
1570 2055 1604 2086 Ρ

265 2102 329 2140 303
354 2100 404 2141 te]
424 2106 527 2131 temet
549 2100 582 2130 Ρ
597 2101 632 2141 (i.
648 2111 672 2132 e.
701 2105 733 2131 te
759 2101 823 2130 mei
839 2102 865 2138 ἲ)
957 2102 1058 2131 cedes
1074 2100 1192 2140 P(1.e.
1217 2102 1295 2140 -is3)
1432 2109 1493 2139 311
1521 2110 1599 2140 sup-

266 2144 383 2185 plicat]
403 2145 513 2184 placet
529 2144 562 2174 Ρ
673 2154 736 2183 312
762 2154 862 2183 quom
881 2143 914 2173 Ρ
930 2144 1059 2182 (forma
1077 2145 1229 2184 antt‘qual
1347 2153 1411 2183 313
1436 2144 1546 2175 istunc
1562 2143 1596 2173 A

265 2188 445 2218 clamctare
463 2187 496 2217 P
625 2198 688 2227 315
714 2189 746 2218 di
764 2188 884 2218 melius
903 2188 1027 2218 faciant
1068 2188 1124 2220 Ps.
1151 2188 1200 2219 sac
1218 2189 1281 2218 hoc
1300 2188 1388 2227 quod
1407 2186 1439 2217 Ρ
1535 2189 1600 2226 316

264 2232 313 2261 vel
329 2232 402 2262 istic
513 2242 576 2271 317
602 2232 781 2271 aliquonde
797 2231 830 2261 A
850 2232 982 2271 <sm-ma
998 2233 1150 2271 antiqua*
1267 2231 1315 2273 id]
1335 2232 1368 2261 in
1386 2231 1419 2260 A
1535 2231 1600 2269 318

264 2285 350 2314 quor
366 2275 399 2305 A
491 2286 614 2316 operas
632 2275 665 2305 P
801 2285 867 2315 319
890 2275 1034 2306 tactibus
1053 2277 1084 2306 A
1219 2285 1280 2315 321
1308 2274 1456 2315 aliquos]
1478 2274 1597 2304 saltem

265 2318 298 2348 P
392 2329 455 2358 323
480 2319 559 2359 suge
584 2320 616 2349 A
738 2329 802 2359 325
827 2319 906 2358 qnid
925 2319 1003 2360 iam]
1023 2320 1158 2360 quidum
1177 2320 1330 2359 (quidum
1344 2319 1368 2358 ἲ)
1387 2318 1420 2348 Α
1514 2317 1596 2358 iam]

264 2372 317 2393 am
338 2362 372 2392 P
501 2365 565 2402 326
584 2374 603 2393 o
617 2364 779 2403 pseudole
796 2363 829 2394 P
927 2363 952 2404 i]
973 2363 1002 2394 ei
1020 2363 1072 2393 A:
1090 2374 1156 2394 om.
1171 2363 1203 2394 P
1219 2363 1271 2403 trs:
1286 2363 1369 2403 330)
1470 2362 1597 2393 accersi

267 2410 367 2446 (arc-{1
384 2406 416 2437 Ρ
429 2408 525 2448 (lpro
542 2417 678 2438 accerse
698 2407 722 2447 i)
