1747 2740
588 146 1003 186 TRVCVLENTVS
1414 148 1467 185 ΙΙ.
1489 147 1502 184 i

128 256 366 308 piaculumst
388 257 571 297 miserere
591 271 664 297 nos
685 257 894 297 hominum
916 257 969 297 rei
991 259 1093 297 male
1113 266 1330 309 gerentum.
1494 272 1532 305 15

293 324 408 363 bonis
429 324 514 363 esse
535 332 690 375 oportet
711 324 898 364 dentibus
919 326 1049 363 lenam
1072 326 1248 375 probam,
1272 326 1337 364 ad-

44 404 108 441 225
292 389 432 428 -ridere
452 398 495 428 ut
516 390 695 441 quisquis
717 390 850 429 ueniat
872 391 1098 441 blandeque
1119 391 1294 442 adloqui,

294 456 395 494 male
417 456 537 495 corde
558 457 791 503 consultare,
815 456 919 495 bene
939 455 1072 506 lingua
1093 456 1212 506 loqui.

293 520 538 560 meretricem
561 521 729 560 similem
752 521 873 561 sentis
894 535 979 561 esse
1000 523 1207 570 condecet,

186 598 428 636 quemquem
449 586 653 626 hominem
678 587 856 638 attigerit,
881 589 1058 637 profecto
1080 587 1115 626 ei
1142 595 1209 626 aut
1238 589 1385 627 malum
1406 596 1474 627 aut
1496 601 1536 624 20

1163 655 1355 692 damnum
1377 654 1471 693 dari.

188 730 406 768 numquam
427 718 613 757 amatoris
635 718 880 758 meretricem
903 726 1059 769 oportet
1079 732 1261 757 caussam
1283 733 1457 767 noscere,

45 792 113 828 230
186 782 295 833 quin,
329 783 396 822 ubi
435 783 490 822 nil
528 785 609 832 det,
641 799 711 835 pro
750 784 998 835 infrequente
1037 798 1128 823 eum
1168 785 1297 824 mittat
1336 785 1475 825 militia

1293 853 1470 891 domum.

131 927 262 965 neque
292 929 483 966 umquam
513 916 584 955 erit
614 918 752 967 probu’
783 917 995 968 quisquam
1030 925 1183 956 amator
1215 917 1289 956 nisi
1320 918 1387 968 qui
1418 918 1472 957 rei

1143 983 1344 1022 inimicust
1365 997 1469 1023 suae.

131 1047 228 1086 dum
260 1047 416 1096 habeat,
450 1050 534 1087 tum
565 1056 670 1088 amet
688 1063 698 1097 ;
738 1048 806 1088 ubi
839 1049 893 1087 nil
924 1050 1078 1097 habeat,
1111 1049 1231 1088 aliurn
1263 1058 1472 1100 quaestum

1305 1115 1471 1166 coepiat.

131 1179 261 1230 aequo
281 1179 426 1228 animo,
451 1180 534 1231 ipse
555 1180 587 1219 si
608 1180 661 1219 nil
684 1181 840 1228 habeat,
861 1181 946 1219 aliis
968 1182 1036 1231 qui
1057 1181 1205 1220 habent
1227 1183 1293 1220 det
1316 1183 1462 1221 locum.
1498 1194 1537 1225 25

133 1259 261 1296 nugae
287 1254 379 1285 sunt
406 1246 480 1285 nisi
504 1246 610 1297 quoi,
634 1248 757 1286 modo
778 1259 901 1297 quom
928 1246 1093 1294 dederit,
1118 1248 1210 1286 dare
1235 1247 1312 1285 iarn
1341 1247 1475 1286 lubeat

723 1318 726 1325 '
1316 1314 1475 1361 denuo3

45 1392 111 1430 235
133 1378 164 1417 is
184 1386 338 1418 amatur
357 1379 422 1418 hic
441 1380 548 1430 apud
570 1393 653 1427 nos,
676 1379 744 1430 qui
765 1380 874 1430 quod
896 1379 1006 1418 dedit
1026 1378 1067 1417 id
1088 1379 1252 1418 oblitust
1272 1380 1420 1418 datum.

131 1446 280 1495 probus
301 1453 360 1484 est
378 1453 541 1493 amator,
564 1445 632 1496 qui
653 1445 796 1484 relictis
817 1446 934 1484 rebus
956 1459 1037 1484 rem
1059 1445 1187 1496 perdit
1208 1459 1331 1484 suam.

131 1518 171 1550 at
191 1524 264 1549 nos
285 1512 387 1549 male
406 1524 520 1561 agere
540 1511 770 1562 praedicant
790 1511 862 1549 uiri
883 1512 1008 1550 solere
1029 1524 1164 1549 secum

132 1590 285 1628 nosque
301 1590 387 1616 esse
403 1590 552 1616 auaras.
611 1577 679 1627 qui
693 1578 859 1615 sumus?
889 1576 985 1627 quid
1003 1577 1184 1627 estquod
1202 1579 1304 1615 male
1319 1577 1473 1628 agimus
1495 1592 1536 1624 30

1283 1644 1445 1682 tandem
1459 1645 1476 1682 ?

133 1723 226 1748 nam
260 1716 413 1748 ecastor
443 1721 662 1759 numquam
697 1708 780 1747 Sati’
810 1707 921 1747 dedit
953 1721 1047 1747 suae
1079 1709 1288 1759 quisquam
1323 1709 1475 1748 amicae

1309 1783 1472 1823 amator,

178 1891 242 1921 223
267 1880 418 1912 misereri
440 1879 531 1911 codd.
709 1891 816 1920 224-7
842 1881 973 1911 metrica
1001 1879 1166 1920 dispositio
1193 1880 1227 1910 in
1253 1879 1286 1909 A
1315 1880 1392 1910 haec
1412 1884 1468 1918 est,

135 1924 425 1964 Bonis-probam
439 1923 552 1962 (iamb.
567 1924 706 1965 swan),
717 1924 1131 1955 Adridere—consultare
1143 1924 1259 1963 (iuml).
1277 1934 1381 1955 senar.
1395 1934 1471 1955 cum

133 1970 233 2002 iamb.
262 1968 413 1999 clausula
438 1971 475 1998 ut
508 1964 603 2009 vid),
641 1967 928 2000 Bene—addecet
957 1967 1069 2009 (troclz.
1095 1969 1273 2008 septenar.)
1407 1978 1470 2007 224

133 2014 289 2055 probram
307 2012 340 2043 P
469 2022 533 2052 225
557 2013 715 2052 adripere
739 2012 919 2053 Buecheler,
947 2013 1008 2052 qui
1035 2015 1177 2053 systema
1204 2012 1383 2042 iambicum
1404 2022 1471 2041 non

133 2058 282 2100 agnoscit
368 2060 403 2087 ut
420 2067 485 2088 om.
499 2056 531 2087 Ρ
616 2057 761 2097 quisque
777 2057 810 2086 A
825 2058 859 2098 (i.
874 2068 898 2088 e.
914 2056 1023 2096 quisq’
1037 2059 1063 2094 3)
1198 2057 1263 2086 226
1286 2055 1469 2086 consultari

133 2103 168 2135 P
269 2101 359 2141 loqui
387 2101 502 2140 lingua
526 2101 561 2132 P
705 2112 766 2141 227
792 2111 868 2132 esse
895 2100 1038 2131 similem
1072 2100 1180 2131 sentis
1213 2110 1240 2132 c.
1272 2099 1323 2130 P:
1361 2100 1470 2130 sentis

134 2147 277 2178 similem
295 2156 371 2176 esse
388 2144 530 2176 addecet
552 2145 585 2176 A
722 2147 786 2176 228
811 2146 987 2185 attingerit
1006 2145 1040 2175 P
1128 2145 1158 2174 ei
1184 2155 1250 2177 om.
1270 2144 1303 2173 Ρ
1389 2144 1470 2174 dare

135 2191 238 2222 Bothe
256 2191 371 2231 etsort.
390 2189 423 2220 A
559 2201 623 2231 230
646 2201 721 2222 curn
745 2190 858 2222 mittas
885 2190 917 2220 P
1050 2201 1110 2230 231
1138 2190 1315 2229 quisquam
1344 2188 1469 2227 probus

136 2237 202 2267 erit
217 2235 251 2265 Ρ
336 2246 409 2274 232,
431 2245 494 2275 233
513 2241 590 2277 post
605 2246 667 2276 235
679 2235 713 2266 Ρ
790 2245 854 2275 232
871 2236 949 2266 dum
967 2247 1030 2267 am.
1051 2233 1241 2265 Lambinus
1316 2232 1416 2262 habet
1432 2231 1466 2261 A

136 2290 200 2320 233
223 2280 279 2311 vix
295 2281 388 2311 troclz.
409 2285 567 2321 septenar.
673 2281 754 2312 dent
771 2280 804 2310 Ρ
937 2291 998 2320 234
1026 2280 1107 2319 quoi
1132 2279 1232 2309 modo
1252 2279 1291 2315 m
1319 2275 1469 2307 Sclzoell:

136 2325 192 2364 qui
224 2325 325 2356 modo
350 2325 407 2356 A:
438 2326 553 2365 quodo
577 2326 678 2356 modo
704 2325 810 2365 (quod
842 2325 965 2356 amodo
997 2324 1084 2361 PCD)
1118 2322 1151 2353 Ρ
1281 2320 1404 2360 diberit
1431 2319 1465 2349 A

137 2370 251 2400 iubeat
267 2368 301 2400 P
445 2379 508 2409 235
533 2370 613 2409 quid
631 2370 721 2410 quod
738 2370 808 2401 edit
826 2369 892 2400 iobi
909 2369 980 2407 <iob
997 2366 1084 2405 PCD)
1102 2372 1177 2398 atus
1191 2367 1221 2398 d.
1241 2365 1274 2396 Ρ
1404 2364 1468 2403 238

135 2414 192 2453 qui
211 2414 239 2444 si
257 2424 449 2454 mumquam
466 2414 583 2444 alenos
595 2413 635 2453 Ρ,
649 2418 713 2454 pro
730 2414 786 2453 qui
804 2414 908 2444 simus
928 2413 962 2451 (i.
976 2423 999 2443 e.
1020 2413 1149 2451 sumus)
1168 2412 1224 2451 qui
1241 2409 1310 2452 (vel
1323 2408 1402 2448 quid
1419 2408 1470 2458 υς]

136 2469 232 2498 quae.
253 2459 308 2489 vix
329 2459 408 2498 quia
432 2458 570 2498 antiqua
583 2458 703 2497 forma
728 2462 813 2489 nent.
828 2456 935 2498 plur.)
956 2455 1041 2486 male
1059 2465 1122 2486 nos
1285 2464 1349 2494 239
1373 2453 1466 2485 dedit

136 2503 262 2535 amicae
282 2503 349 2539 (sic,
371 2507 446 2535 nola
463 2502 694 2543 cormptelaff)
713 2502 845 2542 quisqui
862 2505 1008 2540 amattor
1025 2510 1108 2531 suae
1124 2498 1157 2530 A
