1747 2740
161 143 207 182 v.
233 143 277 181 iii
647 145 692 182 T.
729 145 910 184 MACCI
943 142 1149 193 PLAwr

235 255 305 292 LA.
339 256 489 304 quam?
547 256 622 292 DA.
657 262 723 292 tua
744 267 845 304 quae
866 253 939 292 fuit
964 255 1173 302 Palaestra,
1196 269 1243 294 ea
1269 255 1348 294 filia
1372 255 1571 296 inuentast

1469 336 1567 362 mea.

232 387 304 424 LA.
338 386 439 425 bene
471 386 667 424 mehercle
702 386 849 424 factum
880 393 950 425 est.
1009 399 1132 436 quom
1168 385 1289 426 istaec
1323 400 1384 426 res
1419 387 1490 426 tibi
1524 401 1571 427 ex
1593 390 1679 434 1365

1374 452 1572 492 sententia

171 531 209 552 ιο
231 518 395 567 pulchre
417 516 561 564 euenit,
584 517 752 567 gaudeo.
813 518 890 555 DA.
923 516 1023 556 istuc
1045 516 1159 556 facile
1180 531 1262 556 non
1283 518 1403 558 credo
1424 517 1505 557 tibi.

232 583 303 620 LA.
337 582 460 620 immo
482 583 624 629 hercle,
647 590 690 620 ut
711 581 811 620 scias
832 583 1004 633 gaudere
1026 596 1100 629 me,
1124 582 1222 621 mihi
1243 582 1458 623 triobolum

229 649 283 686 ob
305 661 392 686 eam
414 661 463 686 ne
484 647 584 694 duis,
608 648 797 686 condono
818 655 866 685 te.
931 649 1006 685 DA.
1039 647 1211 698 benigne
1232 649 1376 699 edepol
1396 648 1502 688 facis.

231 715 301 751 LA.
335 713 459 752 immo
498 720 540 751 tu
576 712 738 763 quidem
779 714 911 752 hercle
945 727 1050 752 uero.
1126 715 1204 752 GR.
1241 715 1340 753 heus
1379 721 1420 753 tu
1438 717 1445 753 !
1493 714 1569 754 iam

1229 780 1353 819 habes
1374 779 1567 818 uidulum.

230 847 301 883 LA.
339 845 479 883 habeo.
553 846 629 883 GR.
671 857 846 894 propera.
919 845 991 882 LA.
1029 844 1126 895 quid
1165 845 1419 896 properabo?
1489 846 1566 884 GR.
1593 853 1682 890 1370

802 925 805 929 ·
1044 912 1210 950 reddere
1231 919 1437 962 argentum
1458 910 1565 949 mihi.

170 993 207 1026 15
229 979 300 1015 LA.
333 990 465 1027 neque
499 977 643 1026 edepol
679 975 750 1014 tibi
785 977 839 1014 do
873 989 1005 1026 neque
1039 975 1254 1026 quicquam
1286 977 1427 1016 debeo.
1488 978 1566 1016 GR.

1098 1055 1201 1091 quae
1221 1042 1321 1080 haec
1341 1041 1461 1080 factio
1481 1043 1570 1080 est?

227 1122 310 1147 non
348 1109 471 1146 debes
489 1110 505 1146 ?
563 1110 634 1146 LA.
667 1121 749 1146 non
784 1108 915 1146 hercle
950 1121 1056 1146 uero.
1119 1108 1196 1146 GR.
1228 1120 1311 1146 non
1345 1115 1387 1146 tu
1421 1106 1569 1146 iuratus

1381 1171 1478 1210 mihi
1498 1173 1570 1211 es?

229 1241 299 1277 LA.
351 1238 499 1277 iuratus
537 1252 625 1277 sum
661 1247 699 1277 et
737 1252 843 1277 nunc
882 1238 1031 1286 iurabo,
1069 1237 1101 1277 si
1140 1237 1237 1289 quid
1276 1237 1472 1289 uoluptati
1511 1246 1570 1277 est

1447 1302 1543 1342 mihi
1561 1318 1568 1342 ε

227 1370 287 1409 ius
308 1371 518 1409 iurandum
540 1370 593 1408 rei
615 1371 848 1419 seruandae,
869 1384 951 1408 non
971 1370 1199 1421 perdendae
1221 1369 1428 1408 conditum
1450 1377 1518 1408 est.

229 1439 305 1475 GR.
339 1438 440 1475 cedo
461 1436 512 1475 sis
535 1436 630 1474 mihi
653 1438 844 1475 talentum
866 1449 1054 1487 magnum
1075 1435 1236 1486 argenti,
1260 1434 1545 1486 peiiurissume.
1590 1445 1677 1482 1375

169 1521 208 1543 20
230 1504 306 1541 DA.
341 1502 473 1552 Gripe,
496 1503 605 1552 quod
636 1510 677 1540 tu
708 1501 827 1540 istum
853 1503 1045 1540 talentum
1074 1501 1235 1553 poscis?
1293 1503 1369 1540 GR.
1403 1500 1568 1539 iuratust

1471 1565 1568 1606 mihi

227 1635 331 1672 dare.
393 1635 464 1672 LA.
497 1633 608 1672 lubet
629 1633 765 1672 iurare.
827 1641 897 1672 tun
918 1647 1009 1673 meo
1029 1633 1208 1685 pontifex
1229 1632 1396 1684 peiiurio
1415 1633 1487 1672 es?

228 1701 304 1737 DA.
338 1713 416 1750 qua
437 1713 508 1750 pro
524 1714 563 1738 re
579 1708 784 1749 argentum
806 1699 985 1750 promisit
1002 1699 1067 1739 hie
1081 1699 1152 1739 tibi
1170 1701 1187 1737 ?
1235 1700 1312 1737 GR.
1336 1697 1368 1737 si
1384 1697 1566 1737 nidulum

226 1767 333 1804 hunc
355 1765 594 1815 redegissem
616 1765 657 1803 in
677 1773 915 1815 potestatem
937 1764 1046 1812 eiius,
1070 1765 1235 1804 iuratust
1256 1766 1349 1804 dare

228 1830 323 1869 mihi
345 1832 538 1869 talentum
561 1845 748 1881 magnum
769 1831 930 1881 argenti.
984 1833 1054 1869 LA.
1088 1832 1190 1870 cedo
1211 1830 1373 1882 quicum
1395 1831 1563 1869 habeam
1588 1834 1678 1879 1380

1378 1896 1564 1943 iudicem,

168 1980 208 2012 25
228 1962 267 2001 ni
289 1964 384 2002 dolo
406 1977 443 2001 m
457 1965 510 2001 ilo
532 1963 783 2014 instipulatus
805 1963 856 2001 sis
879 1963 962 2003 siue
983 1963 1201 2003 etiamdum
1224 1963 1321 2002 siem

227 2028 404 2079 quinque
425 2036 463 2067 et
484 2028 623 2079 uiginti
643 2043 770 2067 annos
792 2037 917 2067 natus.
978 2032 1056 2068 GR.
1088 2030 1191 2069 habe
1222 2043 1312 2068 cum
1342 2029 1430 2068 hoc.
1492 2030 1562 2067 LA.

1312 2093 1429 2133 aliost
1449 2108 1560 2145 opus.

274 2200 355 2238 1365
379 2199 496 2230 hercle
519 2199 551 2230 Β
690 2201 772 2240 1369
796 2200 901 2230 habes
930 2199 1091 2240 Evladcs:
1127 2200 1253 2231 habeas
1276 2198 1341 2231 cod.
1482 2209 1558 2240 1371

224 2254 262 2274 cs
278 2243 342 2275 cod.
484 2254 563 2283 1374
591 2244 636 2274 rei
657 2244 885 2275 reseruandae
902 2243 976 2274 ΡΠ)
1115 2254 1195 2284 1375
1221 2243 1536 2284 periurissimeltal.
1556 2255 1562 2274 :

225 2285 470 2326 periturissime
487 2287 553 2318 cod.
575 2289 625 2327 [¹1¹.
641 2299 665 2319 e.
686 2288 910 2327 peiiurissiine
920 2294 992 2328 sup.
1004 2299 1060 2319 scr.
1078 2298 1094 2318 1·
1106 2286 1204 2325 ’Leo)
1301 2297 1379 2327 1377
1406 2292 1474 2317 tum
1491 2287 1558 2318 cod.

230 2341 311 2370 1379
337 2332 465 2362 iuratus
490 2332 555 2362 rod.
717 2333 792 2371 1381
821 2331 895 2362 siue
920 2330 1008 2364 codd.
1031 2331 1196 2363 Prisciani
1218 2342 1243 2365 1.
1268 2332 1356 2371 388:
1382 2331 1459 2362 niue
1493 2331 1559 2361 cod.

224 2374 360 2417 (haud)
378 2376 461 2406 siem
479 2375 652 2406 Acidalius
791 2376 871 2415 1382
896 2385 1007 2407 annos
1023 2381 1121 2407 natus
1138 2374 1226 2407 codd.
1246 2375 1430 2406 Prisciani:
1462 2380 1561 2406 natus

223 2428 335 2450 annos
352 2419 416 2450 cod.
510 2420 652 2450 alienost
672 2419 755 2450 Βνιζι·
