1747 2740
154 155 232 194 111.

192 475 227 508 15

186 802 227 824 20

188 1127 226 1159 25

185 1453 227 1484 30

253 155 298 192 iii
676 155 724 193 T.
757 155 799 192 M
806 154 913 193 ACC
919 154 937 192 Ι
968 153 1171 191 PLAVTI

249 267 353 304 ADv.
386 265 472 304 istic
493 273 551 305 est
572 267 805 304 thensaurus
827 263 954 302 stultis
976 263 1013 301 in
1036 263 1168 313 lingua
1189 262 1296 310 situs,
1599 261 1663 308 625

247 338 290 369 ut
310 331 488 382 quaestui
511 331 683 369 habeant
704 331 805 368 male
826 329 935 379 loqui
957 328 1194 367 melioribus.

248 397 318 434 Lv.
351 395 455 434 uiam
477 395 544 446 qui
567 394 691 433 nescit
712 408 790 444 qua
810 393 996 432 deueniat
1016 394 1066 431 ad
1089 407 1205 440 marc,

248 474 338 499 eum
360 468 514 511 oportet
534 473 693 498 amnem
715 472 902 509 quaerere
923 458 1109 497 comitem
1132 457 1216 496 sibi.

247 538 320 575 ego
342 527 442 564 male
463 525 652 575 loquendi
675 524 788 563 uobis
811 523 960 562 nesciui
982 523 1086 562 uiam
1104 538 1111 561 :

246 604 352 629 nunc
374 604 444 629 uos
466 590 562 628 mihi
582 603 719 628 amnes
741 589 858 637 estis;
888 602 959 627 uos
980 597 1129 627 certum
1152 597 1209 627 est
1230 587 1366 639 sequi:
1597 589 1669 633 630

246 657 277 695 si
300 657 401 696 bene
421 656 570 703 dicetis,
594 664 726 694 uostra
747 655 830 705 ripa
850 668 922 693 uos
944 668 1095 705 sequar,

246 722 277 760 si
299 723 401 760 male
421 721 570 768 dicetis,
593 728 728 758 uostro
748 719 901 770 gradiar
921 719 1055 758 limite.

246 789 350 825 ADv.
384 788 488 825 malo
508 787 610 825 bene
632 787 758 824 facere
779 786 1065 823 tantumdemst
1087 784 1303 835 periculum

245 860 438 903 quantum
459 852 567 890 bono
588 853 689 889 male
710 852 847 889 facere.
908 851 977 888 Lv.
1010 849 1077 900 qui
1099 851 1222 888 uero?
1264 851 1369 887 ADv.
1401 848 1511 888 scies.

245 920 350 957 malo
371 918 401 956 si
422 917 518 967 quid
539 917 641 955 bene
663 916 792 963 facias,
815 915 1053 954 beneficium
1076 915 1230 963 interit3
1597 917 1662 961 635

246 984 354 1022 bono
374 983 404 1022 si
426 982 522 1033 quid
544 984 645 1021 male
667 981 797 1029 facias,
820 989 989 1019 aetatem
1010 980 1166 1031 expetit.

247 1051 317 1088 Lv.
349 1050 474 1088 facete
495 1048 644 1087 dictum
664 1051 670 1086 1
701 1048 771 1086 sed
792 1046 889 1097 quid
910 1046 1010 1085 istuc
1029 1048 1081 1085 ad
1103 1060 1166 1085 me
1186 1045 1356 1084 attinet?

247 1117 352 1153 ADV.
383 1114 475 1165 quia
495 1127 567 1152 nos
589 1113 750 1152 honoris
771 1113 827 1152 tui
849 1127 986 1152 caussa
1005 1115 1056 1152 ad
1077 1121 1115 1152 te
1136 1113 1328 1160 uenimus,

246 1193 486 1230 quamquam
507 1180 611 1218 bene
632 1180 818 1217 uolumus
838 1178 977 1216 leniter
996 1178 1217 1216 lenonibus,

247 1247 317 1283 Lv.
350 1245 380 1283 si
402 1245 497 1295 quid
518 1244 614 1283 boni
635 1243 864 1293 adportatis,
887 1244 1017 1282 habeo
1037 1243 1211 1293 gratiam.
1597 1249 1668 1292 640

245 1312 350 1349 ADV.
382 1310 477 1349 boni
498 1311 548 1348 de
569 1317 704 1347 nostro
725 1309 796 1347 tibi
818 1322 891 1347 nec
912 1309 1071 1347 ferimus
1092 1322 1166 1347 nec
1186 1311 1327 1348 damus

245 1387 375 1424 neque
395 1374 627 1424 pollicemur
648 1386 779 1423 neque
799 1374 901 1411 adeo
922 1375 1106 1411 uolumus
1127 1374 1274 1412 datum.

246 1441 316 1477 ΙΝ.
348 1441 467 1478 credo
488 1440 618 1477 hercle
639 1438 778 1477 uobeis
796 1454 803 1476 ι
834 1438 886 1477 ita
907 1446 1038 1476 uostra
1059 1446 1117 1476 est
1137 1438 1369 1488 benignitas.

245 1505 314 1543 sed
331 1504 426 1555 quid
443 1517 548 1542 nunc
566 1503 713 1542 uoltis?
743 1506 848 1541 ADv.
882 1505 988 1542 hunc
1004 1505 1298 1553 chlamydatum
1316 1517 1434 1553 quem
1452 1503 1578 1552 uides,

243 1569 279 1608 ei
302 1570 409 1608 Mars
429 1569 574 1608 iratust.
636 1571 710 1609 Co.
743 1569 861 1620 capiti
882 1577 1016 1608 uostro
1037 1569 1137 1608 istuc
1157 1569 1318 1620 quidem
1336 1572 1343 1607 !
1596 1570 1663 1615 645

244 1638 348 1674 ADv.
381 1649 487 1674 nunc
508 1637 624 1682 hunc,
651 1637 766 1685 Lyce,
789 1637 840 1673 ad
862 1644 899 1673 te
920 1631 1189 1685 diripiundum
1209 1634 1455 1672 adducimus.

247 1701 320 1740 Co.
352 1714 443 1739 curn
464 1702 608 1751 praeda
630 1700 693 1739 hic
715 1700 835 1739 hodie
856 1700 1013 1738 incedet
1034 1707 1199 1738 uenator
1217 1700 1407 1738 domum:

213 1781 223 1798 τ
247 1779 365 1805 canes
385 1768 628 1816 compellunt
652 1766 690 1804 in
714 1767 847 1816 plagas
868 1765 999 1816 lepide
1020 1767 1167 1816 lupum.

247 1832 316 1869 Lv.
340 1830 427 1880 quis
443 1830 506 1868 hic
520 1833 607 1869 est?
661 1834 765 1869 ADV.
790 1830 988 1869 nescimus
1002 1844 1074 1868 nos
1091 1830 1252 1880 quidem
1267 1830 1384 1869 istum
1398 1830 1465 1881 qui
1482 1830 1554 1869 siet
1570 1845 1580 1877 ;

244 1896 317 1934 nisi
338 1897 489 1934 dudum
513 1910 629 1935 mane
651 1904 693 1935 ut
714 1898 765 1935 ad
788 1904 944 1946 portum
967 1895 1240 1946 processimus,
1596 1896 1666 1940 650

242 1969 361 2012 atque
382 1961 509 2000 istunc
530 1976 552 2000 e
573 1962 664 2000 naui
687 1970 895 2001 exeuntem
919 1961 1094 2000 oneraria

243 2026 434 2065 uidemus.
494 2027 590 2066 adiit
611 2028 662 2065 ad
685 2041 757 2065 nos
778 2028 977 2076 extemplo
997 2026 1154 2074 exicns3

287 2133 352 2171 630
375 2133 482 2162 amnis
500 2132 586 2163 Bm'x
717 2133 776 2170 631
806 2142 867 2161 uos
887 2132 959 2169 ripa
976 2130 1080 2160 Bollu-
1210 2131 1274 2169 634
1300 2131 1356 2170 qui
1375 2130 1440 2160 Ital
1465 2143 1471 2162 ε
1496 2132 1575 2170 quid

243 2176 310 2206 cod.
444 2178 508 2215 635
534 2176 649 2206 acccdi!
675 2175 708 2205 A
801 2175 903 2214 bene]
935 2175 1017 2212 male
1038 2175 1070 2203 A
1102 2177 1155 2211 (m-
1180 2184 1207 2204 v.
1235 2176 1319 2212 636)
1408 2175 1439 2204 id
1472 2175 1573 2204 bene-

246 2219 360 2250 ficium
386 2220 502 2250 interit
535 2221 588 2250 P:
630 2220 660 2250 id
694 2219 754 2250 del.
780 2218 932 2257 Beullqu
968 2224 1112 2248 aetatem
1141 2218 1271 2256 expetit
1298 2217 1330 2247 A
1362 2223 1415 2255 ‘tex
1445 2228 1473 2248 v.
1493 2219 1574 2256 6365

243 2264 310 2301 636
333 2263 516 2301 expetisA
653 2264 716 2300 638
742 2262 837 2303 [huc]
864 2262 904 2291 nd
931 2268 963 2290 te
988 2261 1026 2294 P,
1050 2261 1136 2291 unda·
1160 2262 1205 2291 tui
1232 2261 1368 2291 honoris
1394 2271 1494 2291 causa
1512 2262 1575 2292 huc

244 2307 285 2336 ad
315 2312 347 2337 te
375 2306 456 2337 Reiz
560 2308 624 2345 640
648 2306 852 2345 adportastis
881 2305 912 2334 A
1027 2306 1089 2343 641
1117 2305 1236 2335 damus
1258 2303 1350 2345 [tibi]
1370 2304 1403 2335 P
1510 2306 1577 2342 646

245 2351 332 2380 hunc
352 2361 441 2381 nunc
460 2350 492 2380 P
599 2352 662 2389 647
689 2350 788 2380 raeda
806 2349 837 2379 P
940 2349 1005 2386 648
1030 2347 1161 2389 lupum]
1180 2346 1338 2388 lycumP
1352 2349 1446 2389 &pro
1461 2349 1573 2389 λίκυν)

244 2395 309 2435 649
333 2395 430 2424 istum
450 2394 586 2434 quidem
603 2392 637 2424 P
765 2393 830 2430 650
854 2392 884 2422 d.
905 2402 924 2422 a
942 2402 1039 2422 manc
1057 2392 1089 2422 P
