1747 2740
46 208 108 245 775

37 857 101 901 785

32 1321 102 1358 790

32 1648 98 1685 795

29 1963 97 1998 800

635 87 956 126 PSEVDOLVS
1378 90 1456 128 III,
1480 89 1494 125 i

238 214 345 240 nunc
365 201 458 240 hu'sc
478 199 611 240 lenoni
633 200 789 239 hodiest
810 200 949 238 natalis
970 201 1054 239 dies
1072 216 1078 238 :

235 265 526 305 interminatust
545 279 568 303 a
589 265 753 303 minimo
779 264 783 315 Ι
810 266 860 303 ad
883 279 1122 313 maxumum,

234 331 266 370 si
288 331 375 382 quis
397 345 477 370 non
499 330 618 369 hodie
641 344 784 368 munus
806 330 975 369 misisset
995 331 1083 378 sibi,

235 411 327 435 eum
348 397 432 435 cra's
453 395 627 434 cruciatu
650 409 835 434 maxumo
857 396 1062 445 perbitere.

233 475 340 500 nunc
360 461 495 500 nescio
516 463 646 500 hercle
667 462 784 499 rebus
805 461 901 511 quid
923 461 1062 500 faciam
1087 462 1208 510 meis3

232 541 363 577 neque
383 540 456 577 ego
477 526 574 565 illud
595 539 757 577 possum
779 528 887 577 quod
910 527 962 564 illi
984 526 1051 576 qui
1073 536 1238 577 possunt
1261 530 1397 568 solent.

232 606 349 639 nunc,
373 592 447 630 nisi
468 591 602 630 lenoni
624 605 767 630 munus
788 591 909 630 hodie
931 592 1083 638 misero,

230 671 315 697 eras
336 657 432 695 mihi
454 658 651 708 potandus
672 658 820 695 fructus
842 665 899 696 est
922 658 1118 696 fullonius.

232 725 344 771 eheu,
368 736 486 773 quam
509 722 597 761 illae
618 722 671 761 rei
692 736 766 772 ego
787 722 905 761 etiam
928 737 1033 761 nunc
1055 737 1141 761 sum
1164 726 1372 773 paruolus}

231 796 351 839 atque
371 790 514 839 edepol
535 795 577 826 ut
598 802 704 826 nunc
727 790 828 827 male
850 790 997 826 malurn
1020 797 1154 827 metuo
1177 789 1302 835 miser,

231 854 262 892 si
283 854 478 904 quispiam
500 855 567 892 det
588 853 654 904 qui
677 867 815 892 manus
836 854 991 904 grauior
1012 854 1094 901 siet,

230 933 472 970 quamquam
493 919 590 958 illud
610 919 719 957 aiunt
742 933 885 970 magno
906 920 1053 969 gemitu
1076 920 1168 966 fieri,

229 985 489 1035 comprimere
509 985 648 1023 dentes
670 984 808 1023 uideor
828 998 945 1035 posse
965 985 1099 1035 aliquo
1121 987 1253 1023 modo,

233 1052 303 1089 sed
324 1050 622 1100 comprimenda
643 1057 701 1088 est
722 1050 818 1087 mihi
840 1064 917 1088 uox
937 1058 1056 1100 atque
1077 1051 1224 1089 oratio:

229 1129 317 1155 erus
338 1129 476 1154 eccum
499 1115 634 1166 recipit
656 1129 697 1154 se
718 1117 883 1154 domum
906 1123 943 1153 et
965 1115 1073 1154 ducit
1096 1129 1278 1165 coquom.

404 1228 618 1264 BALLIO
730 1226 911 1265 Cocvs
1026 1227 1172 1263 PVER

230 1310 300 1347 ΒΑ.
333 1309 478 1346 Forum
500 1306 715 1358 coquinu'm
738 1307 804 1358 qui
827 1315 972 1345 uocant
994 1309 1110 1346 stulte
1131 1315 1287 1354 uocant,

227 1387 319 1413 nam
341 1387 421 1412 non
442 1373 659 1423 coquinum
681 1380 752 1420 est,
774 1386 911 1411 uerum
933 1372 1104 1410 furinum
1127 1381 1184 1411 est
1206 1375 1344 1412 forum.

226 1452 319 1478 nam
340 1452 412 1489 ego
433 1439 465 1477 si
486 1439 632 1477 iuratus
653 1438 829 1488 peiorem
851 1438 1055 1476 hominem
1077 1452 1305 1488 quaererem

225 1518 408 1555 coquom,
433 1517 513 1542 non
535 1503 645 1554 potui
666 1517 786 1553 quam
807 1505 915 1542 hunc
935 1517 1053 1554 quem
1077 1505 1181 1542 duco
1201 1505 1356 1552 ducere,

226 1569 516 1619 mulffloquom,
538 1569 764 1619 gloriosum,
788 1569 993 1616 insulsum,
1018 1569 1207 1608 inutilem.

227 1635 323 1686 quin
345 1635 398 1673 ob
418 1648 504 1673 eam
526 1648 607 1672 rem
630 1635 757 1673 Orcus
779 1635 952 1685 recipere
972 1637 1023 1674 ad
1044 1649 1084 1674 se
1106 1637 1211 1674 hunc
1234 1636 1369 1680 noluit,

225 1708 269 1739 ut
289 1708 391 1738 esset
413 1699 476 1738 hic
497 1699 563 1749 qui
586 1700 749 1738 mortuis
771 1713 911 1738 cenam
933 1709 1102 1750 coquat;

225 1779 317 1804 nam
338 1765 402 1803 hic
423 1767 529 1803 solus
551 1765 625 1803 illis
646 1779 817 1815 coquere
838 1767 948 1816 quod
969 1768 1121 1816 placeat
1142 1775 1282 1817 potest.

224 1832 299 1870 Co.
330 1830 361 1869 si
383 1844 446 1868 me
465 1830 704 1870 arbitrabare
726 1831 800 1869 isto
822 1840 939 1881 pacto
960 1840 1002 1869 ut
1023 1832 1236 1882 praedicas,

222 1909 295 1946 qur
315 1897 599 1934 condueebas?
658 1898 728 1934 ΒΑ.
762 1896 918 1947 inopia:
949 1896 1048 1935 alius
1070 1911 1149 1935 non
1172 1906 1262 1936 erat.

223 1962 293 2000 sed
314 1974 387 2011 qur
408 1962 574 1999 sedebas
597 1961 635 1999 in
658 1963 753 2008 foro,
778 1961 809 1999 si
830 1975 914 1999 eras
935 1975 1096 2011 coquos,

159 2076 222 2106 775
236 2067 316 2106 fort.
350 2066 425 2096 huic
457 2066 593 2097 hodiest
621 2066 640 2097 l.
678 2066 742 2097 (vel
771 2066 921 2097 lenonist
953 2067 1074 2102 hodie3
1110 2068 1146 2106 ‘f-
1175 2067 1223 2098 (ια’
1248 2067 1345 2100 Merc.
1371 2071 1449 2108 336)

115 2111 180 2150 776
203 2110 441 2141 interminatus
471 2115 523 2140 cst
551 2109 646 2141 Ima:
673 2110 922 2141 interminatust
951 2109 1101 2153 (usque)
1127 2110 1265 2142 Redslob
1389 2115 1450 2152 778

115 2164 191 2184 eum
207 2154 282 2185 Ital.
303 2166 309 2184 :
337 2158 406 2184 tum
424 2153 490 2184 cod.
511 2153 554 2193 (T
565 2159 626 2193 pro
639 2153 681 2191 E)
775 2164 837 2193 779
861 2154 940 2193 quid
960 2154 1032 2185 Ital.
1053 2166 1058 2184 :
1081 2156 1158 2194 quia
1174 2155 1239 2186 cod.
1259 2157 1450 2196 (vixforma

115 2197 267 2238 antiqua)
337 2198 413 2227 miis
429 2196 493 2228 cod.
511 2197 647 2238 (forma
664 2198 815 2238 antiqua)
898 2199 961 2237 783
987 2199 1033 2228 rei
1047 2208 1111 2238 ego
1128 2198 1287 2230 Grata-us
1302 2212 1308 2230 :
1334 2200 1450 2240 relego

115 2241 183 2273 cod.
307 2243 368 2280 784
395 2240 518 2271 malum
534 2241 682 2271 Ritschl:
710 2251 785 2271 eum
802 2241 869 2273 cod.
996 2243 1057 2281 785
1083 2243 1160 2282 quoi
1189 2243 1262 2274 Ital.
1388 2245 1451 2283 788

115 2285 153 2324 qs.
174 2295 202 2315 v.
224 2295 300 2324 409,
327 2285 384 2315 nbi
404 2284 657 2324 comprimunda
675 2309 680 2315 .
702 2309 708 2315 .
728 2285 882 2323 oratiost,
909 2289 945 2315 ut
967 2285 1028 2316 vid.
1156 2297 1217 2326 792
1242 2288 1269 2317 si
1288 2298 1352 2325 ego
1378 2288 1451 2318 ΡΠ)

118 2338 179 2367 794
208 2329 259 2359 sin
277 2328 404 2358 sulsum
425 2327 489 2358 cod.
617 2337 679 2367 795
704 2329 792 2359 hune
813 2330 854 2359 ad
872 2339 909 2359 se
937 2329 1019 2360 coza:
1045 2331 1117 2360 lrai.
1141 2329 1275 2360 Gm'etns
1386 2332 1451 2362 800

118 2381 243 2410 coquos
261 2371 387 2413 (·qusN]
407 2371 532 2412 probus
548 2372 588 2411 (25
609 2370 673 2401 Leo
690 2372 742 2412 (cf.
756 2373 836 2411 802>
926 2372 1007 2402 Post
1023 2383 1071 2404 co.
1091 2384 1154 2403 non
1169 2373 1380 2417 dt'slt'ugnnnt
1394 2374 1452 2407 alii

1486 283 1522 304 10

1481 938 1521 959 20

1476 1228 1505 1264 ii

1474 1910 1513 1932 10
