1747 2740
732 149 909 187 PERSA
1419 150 1487 187 IV.
1510 149 1558 187 iv

69 268 134 307 575
158 262 234 299 Do.
267 260 390 299 modo
409 259 466 299 uti
486 258 607 299 sciam
635 258 773 311 quanti
802 258 960 299 indicet.
1019 262 1094 298 To.
1127 259 1194 298 uin
1219 261 1297 299 huc
1318 261 1490 299 uocem?

981 327 1057 363 Do.
1091 339 1164 375 ego
1186 325 1252 363 illo
1272 339 1486 364 accessero.

152 393 227 430 To.
259 390 355 441 quid
375 389 468 441 agis,
492 391 666 441 hospes?
709 392 803 429 SAG.
836 390 965 437 uenio,
989 392 1148 430 adduco
1176 392 1278 429 hanc
1303 393 1353 430 ad
1376 399 1424 440 te,
1448 403 1489 430 ut

1125 457 1278 495 dudum
1300 456 1485 495 dixeram.

151 522 243 560 naim
264 520 346 560 heri
366 520 405 559 in
426 528 584 571 portum
606 528 726 559 noctu
748 520 859 559 nauis
881 521 1000 560 uenit.
1061 521 1184 560 ueniri
1207 523 1309 560 hanc
1330 523 1434 569 uolo,

150 586 181 625 si
202 593 357 637 potest3
387 585 418 624 si
439 599 520 624 non
542 593 682 635 potest,
705 585 749 624 iri
771 586 862 624 hinc
884 588 977 625 uolo
998 593 1190 636 quantum
1212 593 1352 636 potest.
1507 600 1549 631 30

152 655 229 692 Do.
261 654 391 691 saluos
412 652 474 700 sis,
497 653 743 691 adulescens.
803 653 894 691 SAG.
928 652 1123 703 siquidem
1146 653 1249 691 banc
1270 652 1489 691 uendidero

1258 717 1383 768 pretio
1404 731 1487 756 suo.

65 790 134 835 580
151 785 226 822 To.
268 782 378 834 atqui
411 790 479 822 aut
506 784 583 822 hoc
613 790 792 834 emptore
822 784 973 823 uendes
1006 784 1168 834 pulchre
1202 791 1269 822 aut
1304 783 1381 822 alio
1408 796 1489 821 non

1373 849 1486 899 potis.

149 915 241 954 SAG.
283 927 377 953 esne
405 922 447 953 tu
479 913 572 953 huic
598 914 779 953 amicus?
819 916 893 952 To.
927 922 1006 953 tam
1034 928 1153 965 quarn
1182 914 1222 953 di
1252 928 1391 953 omncs
1421 914 1488 965 qui

1164 982 1318 1018 caelum
1340 982 1485 1019 colunt.

150 1047 227 1084 Do.
260 1052 344 1083 tum
365 1052 407 1083 tu
428 1044 525 1083 mihi
546 1058 587 1083 es
609 1044 791 1083 inimicus
813 1052 952 1084 certus.
1015 1059 1107 1083 narn
1129 1045 1261 1095 generi
1281 1045 1443 1084 lenonio

147 1123 367 1160 numquam
388 1111 490 1148 ullus
511 1111 600 1148 deu'
621 1117 701 1148 tarn
724 1110 918 1159 benignus
939 1109 1010 1148 fuit
1031 1109 1098 1160 qui
1120 1110 1233 1148 fuerit
1255 1110 1457 1160 propitius.
1508 1123 1548 1156 35

147 1177 240 1214 SAG.
270 1176 348 1214 hoc
359 1187 441 1225 age.
483 1182 673 1226 opusnest
690 1176 764 1214 hac
780 1174 851 1214 tibi
865 1177 1028 1226 empta?
1059 1177 1136 1214 Do.
1160 1175 1191 1214 si
1208 1175 1279 1214 tibi
1296 1175 1489 1215 uenissest

1374 1254 1485 1292 opu&

63 1312 126 1357 585
148 1306 245 1345 mihi
269 1318 430 1357 quoque
454 1312 650 1356 emptast;
674 1305 720 1344 'si
748 1305 818 1344 tibi
847 1305 966 1344 subiti
996 1305 1093 1344 nihil
1115 1312 1183 1354 est,
1200 1307 1488 1345 tantumdemst

1378 1371 1484 1410 mihi.

146 1445 239 1482 SAG.
272 1442 413 1490 indica,
430 1443 491 1481 fac
512 1442 693 1494 pretium.
754 1444 831 1481 Do.
864 1449 932 1481 tua
952 1456 1053 1481 mers
1075 1449 1143 1489 est,
1161 1450 1226 1481 tua
1247 1442 1483 1481 indicatiost.

146 1510 221 1548 To.
252 1522 423 1559 aequom
445 1508 509 1547 hic
537 1516 632 1547 orat.
692 1509 784 1547 SAG.
818 1507 885 1546 uin
914 1508 1016 1547 bene
1038 1510 1197 1547 emere?
1246 1510 1323 1546 Do.
1356 1507 1423 1546 uin
1444 1515 1486 1547 tu

1101 1576 1264 1624 pulchre
1285 1575 1487 1613 uendere?

146 1641 220 1679 To.
253 1653 327 1690 ego
352 1639 434 1679 scio
461 1641 592 1679 hercle
621 1647 833 1690 utrumque
860 1641 973 1678 uelle.
1035 1641 1112 1678 Do.
1144 1653 1226 1690 age,
1250 1639 1382 1678 indica
1402 1653 1487 1690 pro·
1506 1655 1547 1686 40

1304 1705 1482 1756 gnariter.

148 1773 240 1811 SAG.
273 1771 499 1823 priu'dico:
530 1773 632 1811 hanc
653 1771 866 1822 mancupio
883 1784 1002 1810 nemo
1019 1771 1089 1810 tibi
1110 1771 1230 1810 dabit.
1282 1771 1359 1809 iam
1381 1771 1485 1810 scis?

1279 1838 1356 1875 Do.
1390 1836 1481 1875 scio.

63 1915 129 1952 590
147 1902 279 1942 indica
300 1902 467 1941 minimo
487 1904 648 1942 daturus
670 1902 735 1953 qui
758 1902 820 1950 sis,
844 1902 911 1953 qui
933 1902 1024 1941 duci
1047 1909 1174 1952 queat.

148 1971 222 2007 TO.
264 1976 360 2014 tace,
394 1976 490 2007 tace.
550 1968 656 2006 nimi'
687 1975 728 2007 tu
763 1968 924 2018 quidem
959 1969 1089 2006 hercle
1121 1969 1243 2005 homo
1273 1969 1412 2006 stultus
1443 1981 1484 2006 es

1273 2033 1481 2083 pueriliter.

150 2101 226 2138 Do.
259 2099 356 2150 quid
378 2099 460 2138 ita?
507 2101 580 2138 TO.
614 2099 706 2150 quia
727 2099 833 2138 enim
854 2106 893 2138 te
914 2113 960 2138 ex
987 2099 1118 2149 puella
1145 2098 1242 2149 priu’
1263 2099 1482 2149 percontari

1391 2165 1484 2203 uolo

191 2270 255 2309 576
278 2270 367 2311 agis]
382 2269 526 2300 aisPut
547 2268 609 2300 vid.
703 2270 744 2300 ad
769 2274 802 2300 tc
826 2279 891 2300 om.
912 2269 945 2299 P
1029 2270 1093 2307 578
1118 2268 1166 2299 ire
1185 2268 1217 2299 P
1303 2269 1368 2308 580
1392 2269 1483 2308 potis

147 2313 197 2344 vel
218 2313 321 2353 potist
347 2314 378 2343 A
400 2326 406 2344 :
431 2318 530 2353 potes
555 2312 588 2343 P
716 2314 776 2352 581
804 2318 902 2343 estne
927 2311 1016 2342 codd.
1152 2313 1215 2351 584
1241 2312 1320 2353 hac]
1348 2314 1430 2343 haec
1454 2312 1488 2341 P

148 2357 212 2395 585
237 2358 338 2388 subiti
370 2368 436 2389 om.
471 2357 503 2387 A
540 2357 600 2396 (iii.
641 2356 673 2397 ι)
807 2357 872 2395 586
896 2357 957 2387 To.
994 2356 1044 2386 sac
1070 2356 1119 2385 vel
1141 2355 1148 2385 i
1176 2356 1226 2386 sac
1250 2356 1283 2386 A
1418 2366 1479 2395 591

148 2400 262 2431 hercle
278 2412 342 2433 om.
363 2402 396 2433 A
488 2405 539 2431 est
556 2399 646 2433 codd.
758 2410 822 2440 592
847 2410 889 2430 ex
909 2399 1020 2439 puella
1038 2404 1071 2429 te
1088 2398 1120 2427 A
