1747 2740
152 146 230 183 111.

196 333 235 365 ²5

196 731 239 763 30

199 1125 237 1158 35

197 1517 241 1549 40

200 1898 240 1929 45

253 146 282 182 ii
666 147 712 185 T.
748 146 929 186 MACCI
962 148 1167 186 PLAVTI

255 272 352 310 cape
373 257 424 297 sis
445 257 630 297 uirtutem
651 257 786 297 animo
807 266 845 296 et
866 259 986 297 corde
1007 261 1158 310 expelle
1179 260 1372 300 desidiam
1394 268 1486 301 tuo:
1608 268 1679 313 650

256 324 295 362 in
318 325 401 363 foro
422 338 582 374 operam
603 323 741 362 amicis
762 325 825 370 da,
848 337 898 362 ne
919 323 958 362 in
979 325 1082 362 lecto
1103 324 1263 372 amicae,
1288 335 1330 364 ut
1350 326 1487 366 solitus
1507 341 1560 366 es.

254 396 374 440 atque
408 389 525 428 istum
565 403 639 439 ego
672 403 808 439 agrum
844 388 914 428 tibi
949 389 1116 440 relinqui
1153 391 1205 429 ob
1242 404 1329 430 eam
1364 406 1445 431 rem
1478 393 1591 432 enixe

1436 466 1589 509 expeto,

255 528 298 559 ut
319 519 389 559 tibi
410 520 459 558 sit
479 519 547 570 qui
569 527 606 559 te
627 519 818 570 corrigere
840 519 977 570 possis,
1002 533 1052 559 ne
1073 520 1238 560 omnino
1259 521 1434 572 inopiam

255 587 362 626 ciues
383 586 582 625 obiectare
603 585 755 637 possint
777 585 847 625 tibi
868 599 969 636 quos
990 593 1031 625 tu
1053 586 1235 626 inimicos
1256 588 1390 627 habes.

258 655 329 691 LE.
361 652 497 691 omnia
516 665 590 702 ego
611 651 731 690 istaec
752 664 854 702 quae
874 658 916 690 tu
937 651 1034 690 dixti
1055 651 1149 700 scio,
1172 654 1235 691 uel
1255 652 1523 703 exsignauero,
1612 655 1678 700 655

258 724 301 756 ut
321 730 402 756 rem
423 716 589 768 patriam
610 724 648 755 et
667 716 832 767 gloriam
854 716 1047 756 maiorum
1069 716 1258 756 foedarim
1282 731 1440 758 meum:

259 781 410 821 scibam
432 789 474 820 ut
495 795 580 820 esse
602 795 665 820 me
686 782 856 829 deceret,
878 783 1006 820 facere
1027 795 1108 820 non
1125 782 1288 832 quibam
1310 782 1427 822 miser
1444 798 1455 831 3

257 847 310 885 ita
331 846 370 886 ui
391 846 556 885 Veneris
579 846 746 893 uinctus,
771 846 852 885 otio
876 844 1049 899 [c]aptus
1071 846 1110 885 in
1133 848 1310 886 fraudem
1332 848 1464 887 incidi.

257 919 295 952 et
316 912 386 951 tibi
409 926 526 960 nunc,
551 912 717 963 proinde
739 920 780 950 ut
803 926 961 960 merere,
985 926 1160 951 summas
1181 913 1310 952 habeo
1331 914 1482 964 gratias.

260 979 329 1017 ΙΝ.
361 986 400 1017 at
433 991 593 1029 operam
629 977 753 1029 perire
788 992 918 1017 meam
950 978 1006 1018 sic
1037 986 1076 1018 et
1110 986 1149 1018 te
1180 980 1303 1020 †haec
1338 979 1444 1019 dicta
1475 981 1595 1020 corde
1613 982 1685 1018 660

1387 1049 1596 1097 spemere†

258 1110 408 1161 perpeti
428 1123 596 1161 nequeo,
620 1109 737 1149 simul
759 1123 822 1149 me
842 1110 948 1160 piget
969 1123 1107 1161 parum
1128 1111 1278 1162 pudere
1298 1118 1336 1150 te
1351 1125 1361 1159 ;

258 1183 296 1215 et
317 1183 528 1227 postremo,
552 1174 626 1213 nisi
648 1175 701 1213 mi
722 1177 920 1214 auscultas
940 1183 1060 1226 atque
1080 1177 1157 1214 hoc
1179 1183 1221 1214 ut
1241 1175 1334 1215 dico
1353 1175 1462 1225 facis,

259 1248 342 1280 tute
363 1254 468 1292 pone
488 1249 527 1280 te
547 1240 687 1280 latebis
708 1240 833 1289 facile,
856 1254 906 1279 ne
927 1240 1103 1279 inueniat
1125 1248 1163 1280 te
1186 1242 1339 1289 Honor,

256 1306 297 1345 in
318 1308 476 1346 occulto
498 1305 644 1345 iacebis
666 1319 788 1357 quom
810 1313 848 1344 te
870 1319 1053 1345 maxume
1074 1307 1222 1344 clarum
1245 1308 1366 1345 uoles.

258 1372 423 1424 pernoui
471 1372 670 1422 equidem,
712 1371 947 1420 Lesbonice,
987 1371 1190 1422 ingenium
1230 1379 1341 1411 tuom
1380 1372 1595 1423 ingenuom
1616 1375 1682 1421 665

1353 1439 1572 1477 admodum
1588 1453 1599 1486 3

260 1503 343 1543 scio
364 1511 402 1543 te
422 1511 563 1555 sponte
584 1516 665 1542 non
687 1510 823 1553 tuapte
843 1516 1001 1551 errasse,
1020 1504 1091 1543 sed
1111 1516 1287 1543 amorem
1309 1503 1379 1543 tibi

259 1577 397 1620 pectus
417 1582 648 1620 opscurasse
663 1583 674 1617 5
702 1576 821 1619 atque
841 1568 925 1619 ipse
946 1568 1105 1608 Amoris
1126 1577 1244 1608 teneo
1264 1569 1394 1608 omnis
1415 1569 1508 1608 uias.

259 1635 312 1674 ita
336 1643 394 1674 est
421 1649 532 1674 amor
558 1634 713 1673 ballista
739 1641 782 1673 ut
814 1633 977 1674 iacitur:
1009 1634 1107 1673 nihil
1137 1634 1192 1673 sic
1222 1636 1349 1673 celere
1378 1642 1437 1673 est
1467 1648 1597 1686 neque

1461 1702 1569 1740 uolat
1591 1716 1598 1723 ·

258 1763 378 1806 atque
398 1756 429 1794 is
451 1769 579 1795 mores
600 1754 808 1794 hominum
831 1768 963 1794 moros
985 1762 1023 1794 et
1045 1767 1223 1794 morosos
1245 1754 1396 1794 ecficit:
1588 1732 1598 1749 ³

261 1821 381 1860 minu'
402 1823 531 1872 placet
552 1821 666 1871 magi’
687 1822 796 1871 quod
820 1822 1017 1868 suadetur,
1041 1821 1151 1871 quod
1173 1820 1422 1859 dissuadetur
1442 1822 1571 1871 placet
1587 1835 1596 1869 ;
1615 1819 1687 1863 670

261 1901 381 1938 quom
404 1886 587 1938 inopiast,
607 1886 753 1936 cupias,
779 1888 941 1936 quando
962 1886 1060 1925 eiius
1081 1885 1244 1936 copiast,
1267 1893 1350 1924 tum
1372 1899 1453 1924 non
1475 1886 1572 1925 uelis
1588 1901 1597 1933 3

265 1954 316 1991 ill'
338 1952 406 2003 qui
427 1951 581 2003 aspellit
604 1951 635 1989 is
656 1950 868 2001 compellit,
892 1949 942 1987 ill'
964 1949 1031 2000 qui
1052 1951 1270 1989 consuadet
1292 1958 1414 1988 uotat.

303 2059 368 2096 650
391 2060 481 2086 tuam
509 2055 541 2085 A
720 2055 780 2092 651
809 2053 925 2083 amicis
950 2062 1088 2092 operam
1108 2051 1141 2081 A
1280 2050 1357 2092 [ha]
1381 2051 1422 2081 da
1437 2050 1541 2088 P(iv.
1560 2051 1596 2090 35

261 2100 319 2140 nel
338 2105 395 2131 aut
414 2100 448 2136 μ’.
462 2110 486 2130 e.
506 2098 610 2129 haudl
630 2097 662 2128 P
759 2096 935 2127 intellecto
954 2096 1020 2134 (—tu
1039 2095 1084 2137 Β)
1105 2095 1138 2126 Ρ
1282 2096 1347 2133 652
1371 2104 1434 2133 ego
1453 2095 1553 2125 istum
1566 2093 1601 2125 P

261 2138 357 2181 (ordo
375 2144 536 2180 usilalus3
550 2141 606 2172 sed
623 2144 739 2181 agrum
760 2140 816 2171 vix
829 2139 1021 2180 serenduml
1116 2139 1251 2168 menixe
1270 2138 1301 2168 B
1316 2150 1322 2168 :
1347 2138 1473 2169 denixe
1489 2137 1599 2178 Bergk

259 2189 324 2227 655
348 2187 419 2228 uel]
438 2192 475 2217 ut
492 2186 524 2216 A
659 2186 723 2224 658
748 2189 847 2224 aptus
858 2183 890 2212 A
906 2187 942 2213 nt
960 2182 1026 2213 vid.
1157 2183 1223 2220 659
1247 2181 1299 2223 ut]
1317 2192 1356 2212 ac
1372 2180 1406 2211 Ρ
1533 2183 1598 2212 660

261 2232 344 2262 haec
363 2242 429 2262 om.
446 2230 478 2260 A
601 2230 689 2260 dicta
714 2229 772 2259 del.
793 2227 906 2262 Bothe,
925 2225 1068 2266 Sejff'rt,
1089 2226 1147 2265 qm'
1159 2225 1245 2256 duas
1261 2225 1423 2256 versiones
1437 2224 1598 2264 conflatas

260 2286 325 2306 esse
340 2274 444 2312 credit,
465 2275 548 2305 haec
567 2273 670 2304 corde
687 2276 715 2303 et
731 2273 814 2302 haec
832 2271 921 2301 dicta
1099 2271 1164 2300 662
1189 2269 1233 2299 mi
1252 2268 1409 2299 Freund:
1435 2278 1488 2298 me
1506 2267 1594 2299 codd.

260 2321 325 2358 665
350 2319 555 2349 lesboniccm
582 2317 762 2356 imperium
788 2320 880 2346 tuum
905 2313 1078 2353 ingenium
1102 2324 1132 2345 a.
1154 2312 1188 2343 P
1316 2313 1382 2343 666
1405 2317 1540 2351 tuapste
1562 2311 1595 2341 A

260 2364 323 2402 667
349 2372 481 2393 amores
500 2361 614 2399 P<1·.e.
637 2360 695 2395 -isb
787 2364 866 2390 tene
890 2358 922 2387 A
1058 2357 1122 2387 668
1146 2355 1256 2387 celere
1271 2356 1318 2386 sic
1338 2360 1390 2385 est
1407 2356 1439 2385 A
1531 2357 1597 2394 670

260 2406 310 2437 vel
325 2417 421 2445 mage
510 2405 598 2444 quod
617 2404 780 2434 suadetur
796 2403 903 2442 magis
919 2402 951 2431 A
1084 2402 1143 2439 671
1171 2399 1259 2438 Qum
1277 2400 1310 2429 A
1444 2400 1596 2438 672-735

262 2450 345 2480 deest
362 2450 393 2479 Α
483 2449 547 2488 672
570 2447 627 2478 del.
645 2446 753 2488 Bergk
1153 2443 1337 2475 consuadet
1363 2441 1597 2474 Cameran‘us:

262 2503 330 2527 non
347 2493 468 2524 suadet
481 2491 546 2523 cod.
