1747 2740
602 154 1008 198 MOSTELLARIA
1392 154 1470 194 ΙΙΙ.
1492 151 1507 191 i

138 264 192 307 ita
211 281 300 307 mea
319 267 483 307 consilia
502 267 703 318 perturbat
724 267 986 318 paenissume.

137 334 291 372 nullum
312 334 454 384 edepol
475 332 596 371 hodie
616 346 739 382 genus
761 340 819 371 est
840 331 1048 371 hominum
1070 330 1229 370 taetrius
1497 346 1558 378 125

137 412 211 437 nec
232 398 353 437 minu'
375 399 483 437 bono
502 412 595 437 cum
616 398 698 436 iure
719 411 839 448 quam
861 397 1109 437 danisticum.

138 466 218 503 TH.
250 478 329 515 qua
349 464 389 503 in
410 464 569 515 regione
590 464 682 503 istas
703 464 812 503 aedis
834 464 928 502 emit
950 463 1082 502 filius?

49 534 120 570 660
137 531 215 569 ΤΒ..
247 544 340 569 ecce
359 538 493 569 autem
515 530 612 581 perii
630 533 636 568 ἕ
695 532 730 567 T
735 542 774 568 H.
805 530 957 569 dicisne
977 531 1054 568 hoc
1076 531 1185 579 quod
1207 536 1244 568 te
1265 529 1388 579 rogo?

138 597 214 634 TR.
247 595 388 635 dicam.
449 597 519 634 sed
541 609 688 634 nomen
711 595 863 634 domini
885 609 1032 646 quaero
1053 595 1149 645 quid
1171 595 1254 633 siet.

136 662 216 699 TH.
247 674 320 711 age
340 660 642 699 comminiscere
662 674 764 711 ergo.
825 661 901 698 TR.
935 659 1031 710 quid
1053 674 1125 710 ego
1146 673 1253 698 nunc
1273 672 1386 709 agam
1497 672 1559 706 ¹30

136 725 210 764 nisi
231 733 273 764 ut
294 725 333 763 in
354 725 531 764 uicinum
553 726 659 764 hunc
681 739 917 776 proxumum
949 738 968 758 *
1029 740 1046 760 *
1069 756 1078 772 ‚

136 805 201 829 eas
222 790 364 829 e'misse
384 790 494 829 aedis
515 789 647 829 huiius
668 790 799 829 dicam
821 790 975 829 filium?

46 860 113 904 665
136 856 309 894 calidum
330 857 462 895 hercle
483 869 569 895 esse
589 855 726 895 audiui
747 864 957 906 optumum
980 856 1245 896 mendacium.

47 930 115 973 667
137 921 333 972 quidquid
354 921 395 961 di
416 921 565 969 dicunt,
589 921 629 960 id
651 923 892 960 decretumst
913 921 1054 962 dicere.

136 989 215 1025 TH.
248 987 346 1037 quid
385 986 529 1038 igitur?
577 987 654 1026 iam
694 989 986 1026 commentu's?
1042 989 1119 1026 TR.
1156 989 1197 1028 di
1235 988 1353 1027 istum
1393 1002 1474 1039 per·
1498 1005 1558 1040 135

1305 1055 1470 1094 duint—

137 1117 277 1170 (immo
298 1118 428 1157 istunc
449 1117 598 1169 potius)
620 1119 670 1157 de
691 1118 824 1157 uicino
845 1120 923 1158 hoc
944 1132 1137 1169 proxumo

46 1186 116 1229 670
135 1191 224 1223 tuos
245 1184 341 1223 emit
361 1184 470 1223 aedis
491 1184 604 1222 filius.
664 1186 744 1222 TH.
778 1185 912 1223 bonan
934 1187 1042 1224 fide?

133 1251 210 1288 TR.
243 1250 441 1300 siquidem
464 1258 506 1288 tu
527 1257 733 1300 argentum
755 1250 1001 1298 reddituru’s‚
1026 1259 1108 1289 tum
1131 1251 1251 1301 bona,

133 1316 163 1353 si
185 1315 410 1354 redditurus
432 1329 514 1354 non
536 1329 590 1364 es,
612 1316 697 1354 non'
715 1315 809 1354 emit
831 1316 947 1355 bona.

131 1380 210 1417 TH.
244 1393 325 1418 non
347 1379 387 1418 in
408 1381 498 1419 loco
519 1380 615 1419 emit
636 1381 828 1431 perbono.
874 1385 950 1421 ΤΗ.
984 1383 1108 1422 immo
1130 1384 1169 1422 in
1192 1392 1367 1435 optumo.
1494 1401 1557 1433 140

130 1446 210 1482 TH.
243 1445 362 1495 cupio
383 1446 514 1484 hercle
535 1445 728 1497 inspicere
751 1448 869 1486 hasce
890 1448 1012 1486 aedis.
1074 1451 1283 1499 pultadum
1303 1452 1405 1490 fores

47 1513 111 1558 675
133 1519 252 1561 atque
274 1510 399 1549 euocz'i
420 1509 593 1559 aliquem
616 1508 720 1546 intus
741 1510 792 1547 ad
814 1516 861 1555 te,
885 1509 1045 1548 Tranio.

133 1579 210 1615 TR.
243 1590 336 1615 ecce
356 1583 489 1614 auten]
512 1574 607 1624 perii
627 1577 632 1611 ἶ
673 1587 779 1612 nunc
801 1574 896 1624 quid
918 1575 1048 1613 dicam
1070 1577 1215 1616 nescio.

133 1642 274 1681 iterum
295 1641 373 1679 iam
394 1641 445 1679 ad
467 1653 591 1678 unum
614 1652 750 1677 saxum
773 1653 836 1677 me
857 1640 999 1678 fluctus
1020 1642 1159 1680 ferunt.

133 1709 212 1746 TH.
245 1706 341 1758 quid
380 1707 518 1744 nunc?
574 1706 651 1743 TR.
684 1718 765 1743 non
801 1705 932 1744 hercle
971 1705 1067 1756 quid
1102 1721 1208 1747 nunc
1242 1709 1383 1749 faciam
1418 1725 1472 1750 re-
1497 1725 1554 1759 145

1337 1777 1471 1826 perio:

134 1842 358 1880 manufesto
378 1848 528 1879 teneor.
586 1840 666 1876 ΤΗ.
701 1838 923 1876 euocadum
945 1836 1117 1888 aliquem
1140 1839 1261 1888 ocius,

44 1908 114 1943 680
132 1919 224 1956 roga
244 1907 526 1944 circumducat.
588 1905 665 1942 TR.
699 1904 796 1941 heus
821 1910 874 1949 tn,
898 1910 937 1940 at
958 1902 1022 1940 hic
1044 1911 1134 1941 sunt
1156 1905 1362 1945 mulieres:

131 1970 389 2010 uidendumst
410 1970 580 2020 primum
604 1976 734 2007 utrum
757 1982 826 2007 eae
849 1967 1025 2007 uelintne
1045 1982 1095 2006 an
1117 1983 1196 2007 non
1219 1971 1353 2011 uelint.

174 2077 239 2115 656
262 2077 427 2116 pernortit
452 2076 643 2107 Pm'scz'anus
677 2087 704 2115 1,
738 2087 800 2116 99;
847 2087 876 2114 2,
916 2077 957 2116 67
989 2076 1037 2111 (A
1064 2087 1096 2107 n.
1134 2076 1172 2109 Ι.)
1265 2078 1468 2117 paenissime

131 2122 293 2151 testantur
308 2120 480 2151 Cltam'sius
498 2121 569 2160 189,
590 2120 783 2151 Priscianus
800 2133 806 2151 :
832 2121 1026 2160 plenissime
1044 2119 1084 2158 P,
1104 2120 1137 2150 A
1152 2119 1214 2150 11.l.
1404 2125 1467 2162 657

130 2163 232 2194 hodie
249 2174 314 2195 om.
334 2164 366 2194 A
497 2165 562 2202 659
586 2164 726 2205 qua[re]
745 2164 778 2194 A
800 2164 858 2204 (iv.
877 2166 912 2203 3)
1038 2166 1104 2194 660
1127 2163 1176 2194 vel
1190 2164 1278 2194 dicin
1404 2168 1468 2206 663

131 2207 305 2246 ‹J—rdiem
334 2208 399 2248 (ch
424 2208 617 2247 -percitem)
646 2208 703 2238 A:
740 2208 945 2238 mendatium
974 2208 1008 2238 P
1032 2210 1076 2248 (v,
1106 2219 1137 2248 p.
1167 2209 1223 2247 8οἶ
1404 2210 1469 2248 665

131 2251 242 2281 audiui
261 2262 337 2282 esse
353 2251 387 2281 P
503 2251 568 2281 668
592 2257 812 2292 commentust
828 2251 860 2281 Α
985 2253 1052 2292 669
1076 2253 1161 2283 istuc
1179 2252 1212 2282 Ρ
1329 2254 1387 2291 671
1416 2253 1468 2293 tu]

129 2305 166 2326 es
182 2295 216 2326 P
300 2299 365 2336 673
389 2296 456 2328 ΤΗ.
473 2295 533 2327 del.
551 2295 686 2337 Sejffirt
773 2297 824 2328 vel
843 2298 1016 2338 perbono?
1042 2300 1296 2340 (interrogative)
1386 2301 1468 2333 Tm

128 2339 193 2370 Tu.
207 2339 342 2380 Seyffert
408 2341 440 2370 in
459 2350 524 2369 om.
539 2339 571 2369 Ρ
655 2343 719 2379 675
736 2341 969 2385 euoca<dum>
985 2342 1119 2373 Gm'etus
1178 2344 1316 2385 Tranio]
1333 2350 1429 2375 terno
1440 2338 1473 2375 P

128 2384 193 2422 676
217 2384 319 2425 perii]
341 2385 459 2415 iterum
479 2383 511 2412 P
639 2385 704 2422 678
728 2384 816 2423 Quid
843 2396 932 2416 nunc
956 2387 1116 2417 Tranioni
1138 2389 1304 2418 continuat
1319 2387 1353 2418 P
1418 2398 1468 2419 re-

129 2427 220 2457 cerio
237 2427 270 2457 P
399 2429 464 2467 679
487 2427 596 2469 ocius]
617 2427 706 2458 foras
722 2428 755 2458 Ρ
881 2431 941 2460 681
970 2431 1074 2462 uelint
1092 2436 1149 2462 aut
1168 2441 1235 2462 non
1255 2442 1284 2463 u.
1303 2433 1335 2462 A

174 2480 291 2502 PLAVT.
313 2481 339 2502 11
1359 2477 1379 2508 8
