<?xml version="1.0" encoding="UTF-8"?>
<!DOCTYPE html PUBLIC "-//W3C//DTD XHTML 1.0 Transitional//EN"
    "http://www.w3.org/TR/xhtml1/DTD/xhtml1-transitional.dtd">
<html xmlns="http://www.w3.org/1999/xhtml" xml:lang="en" lang="en">
 <head>
  <title>
</title>
<meta http-equiv="Content-Type" content="text/html;charset=utf-8" />
  <meta name='ocr-system' content='tesseract 3.04.00' />
  <meta name='ocr-capabilities' content='ocr_page ocr_carea ocr_par ocr_line ocrx_word'/>
</head>
<body>
  <div class='ocr_page' id='page_1' title='image "./comoediaerecogno02plau_0345.png"; bbox 0 0 1747 2740; ppageno 0'>
   <div class='ocr_carea' id='block_1_1' title="bbox 650 417 1033 466">
    <p class='ocr_par' dir='ltr' id='par_1_1' title="bbox 650 417 1033 466">
     <span class='ocr_line' id='line_1_1' title="bbox 650 417 1033 466; baseline 0 -2"><span class='ocrx_word' id='word_1_1' title='bbox 650 417 1033 466; x_wconf 85' lang='lat' dir='ltr'>PROLOGVS</span> 
     </span>
    </p>
   </div>
   <div class='ocr_carea' id='block_1_2' title="bbox 688 551 990 589">
    <p class='ocr_par' dir='ltr' id='par_1_2' title="bbox 688 551 990 589">
     <span class='ocr_line' id='line_1_2' title="bbox 688 551 990 589; baseline 0.007 -2"><span class='ocrx_word' id='word_1_2' title='bbox 688 551 990 589; x_wconf 83' lang='lat' dir='ltr'><strong>ARCTVRVS</strong></span> 
     </span>
    </p>
   </div>
   <div class='ocr_carea' id='block_1_3' title="bbox 96 638 1567 2133">
    <p class='ocr_par' dir='ltr' id='par_1_3' title="bbox 130 638 1546 1215">
     <span class='ocr_line' id='line_1_3' title="bbox 279 638 1247 690; baseline 0.001 -13"><span class='ocrx_word' id='word_1_3' title='bbox 279 639 359 689; x_wconf 87' lang='lat' dir='ltr'><strong>Qui</strong></span> <span class='ocrx_word' id='word_1_4' title='bbox 379 639 505 690; x_wconf 86' lang='lat' dir='ltr'><strong>gentis</strong></span> <span class='ocrx_word' id='word_1_5' title='bbox 526 638 655 677; x_wconf 87' lang='lat' dir='ltr'><strong>omnis</strong></span> <span class='ocrx_word' id='word_1_6' title='bbox 677 638 878 689; x_wconf 80' lang='lat' dir='ltr'><strong>mariaque</strong></span> <span class='ocrx_word' id='word_1_7' title='bbox 899 647 937 677; x_wconf 90' lang='lat' dir='ltr'><strong>et</strong></span> <span class='ocrx_word' id='word_1_8' title='bbox 957 646 1076 678; x_wconf 78' lang='lat' dir='ltr'><strong>terras</strong></span> <span class='ocrx_word' id='word_1_9' title='bbox 1098 646 1247 687; x_wconf 89' lang='lat' dir='ltr'><strong>mouet,</strong></span> 
     </span>
     <span class='ocr_line' id='line_1_4' title="bbox 277 703 1000 743; baseline 0.001 -1"><span class='ocrx_word' id='word_1_10' title='bbox 277 704 375 742; x_wconf 87' lang='lat' dir='ltr'><strong>eiius</strong></span> <span class='ocrx_word' id='word_1_11' title='bbox 396 717 483 742; x_wconf 91' lang='lat' dir='ltr'><strong>sum</strong></span> <span class='ocrx_word' id='word_1_12' title='bbox 505 703 602 742; x_wconf 88' lang='lat' dir='ltr'><strong>ciuis</strong></span> <span class='ocrx_word' id='word_1_13' title='bbox 623 704 782 742; x_wconf 79' lang='lat' dir='ltr'><strong>ciuitate</strong></span> <span class='ocrx_word' id='word_1_14' title='bbox 803 704 1000 743; x_wconf 81' lang='lat' dir='ltr'><strong>caelitum.</strong></span> 
     </span>
     <span class='ocr_line' id='line_1_5' title="bbox 277 769 1236 819; baseline 0.001 -12"><span class='ocrx_word' id='word_1_15' title='bbox 277 769 329 807; x_wconf 80' lang='lat' dir='ltr'><strong>ita</strong></span> <span class='ocrx_word' id='word_1_16' title='bbox 350 783 436 807; x_wconf 86' lang='lat' dir='ltr'><strong>sum</strong></span> <span class='ocrx_word' id='word_1_17' title='bbox 459 777 499 807; x_wconf 90' lang='lat' dir='ltr'><strong>ut</strong></span> <span class='ocrx_word' id='word_1_18' title='bbox 521 769 664 807; x_wconf 86' lang='lat' dir='ltr'><strong>uidetis</strong></span> <span class='ocrx_word' id='word_1_19' title='bbox 685 771 899 819; x_wconf 77' lang='lat' dir='ltr'><strong>splendens</strong></span> <span class='ocrx_word' id='word_1_20' title='bbox 921 772 1032 808; x_wconf 83' lang='lat' dir='ltr'><strong>stella</strong></span> <span class='ocrx_word' id='word_1_21' title='bbox 1052 770 1236 817; x_wconf 76' lang='lat' dir='ltr'><strong>candida,</strong></span> 
     </span>
     <span class='ocr_line' id='line_1_6' title="bbox 276 834 1221 885; baseline 0.001 -12"><span class='ocrx_word' id='word_1_22' title='bbox 276 834 431 885; x_wconf 82' lang='lat' dir='ltr'><strong>signum</strong></span> <span class='ocrx_word' id='word_1_23' title='bbox 453 836 562 885; x_wconf 89' lang='lat' dir='ltr'><strong>quod</strong></span> <span class='ocrx_word' id='word_1_24' title='bbox 584 848 739 885; x_wconf 79' lang='lat' dir='ltr'>semper</span> <span class='ocrx_word' id='word_1_25' title='bbox 760 843 937 885; x_wconf 88' lang='lat' dir='ltr'><strong>tempore</strong></span> <span class='ocrx_word' id='word_1_26' title='bbox 959 836 1129 875; x_wconf 83' lang='lat' dir='ltr'><strong>exoritur</strong></span> <span class='ocrx_word' id='word_1_27' title='bbox 1149 849 1221 874; x_wconf 86' lang='lat' dir='ltr'><strong>suo</strong></span> 
     </span>
     <span class='ocr_line' id='line_1_7' title="bbox 130 900 1546 952; baseline 0.001 -14"><span class='ocrx_word' id='word_1_28' title='bbox 130 916 146 952; x_wconf 87' lang='lat'>5</span> <span class='ocrx_word' id='word_1_29' title='bbox 277 900 340 939; x_wconf 87' lang='lat' dir='ltr'><strong>hic</strong></span> <span class='ocrx_word' id='word_1_30' title='bbox 357 908 475 951; x_wconf 82' lang='lat' dir='ltr'><strong>atque</strong></span> <span class='ocrx_word' id='word_1_31' title='bbox 497 900 536 938; x_wconf 91' lang='lat' dir='ltr'><strong>in</strong></span> <span class='ocrx_word' id='word_1_32' title='bbox 557 902 691 939; x_wconf 83' lang='lat' dir='ltr'><strong>caelo:</strong></span> <span class='ocrx_word' id='word_1_33' title='bbox 722 914 870 940; x_wconf 87' lang='lat' dir='ltr'><strong>nomen</strong></span> <span class='ocrx_word' id='word_1_34' title='bbox 892 903 1061 940; x_wconf 83' lang='lat' dir='ltr'>Arcturo</span> <span class='ocrx_word' id='word_1_35' title='bbox 1082 909 1139 940; x_wconf 89' lang='lat' dir='ltr'><strong>est</strong></span> <span class='ocrx_word' id='word_1_36' title='bbox 1161 901 1267 940; x_wconf 81' lang='lat' dir='ltr'><strong>mihi.</strong></span> <span class='ocrx_word' id='word_1_37' title='bbox 1529 919 1546 950; x_wconf 87' lang='lat'><em>5</em></span> 
     </span>
     <span class='ocr_line' id='line_1_8' title="bbox 275 966 1237 1017; baseline 0 -13"><span class='ocrx_word' id='word_1_38' title='bbox 275 975 395 1005; x_wconf 82' lang='lat' dir='ltr'><strong>noctu</strong></span> <span class='ocrx_word' id='word_1_39' title='bbox 417 980 504 1005; x_wconf 86' lang='lat' dir='ltr'><strong>sum</strong></span> <span class='ocrx_word' id='word_1_40' title='bbox 526 966 566 1004; x_wconf 88' lang='lat' dir='ltr'><strong>in</strong></span> <span class='ocrx_word' id='word_1_41' title='bbox 587 968 698 1005; x_wconf 81' lang='lat' dir='ltr'><strong>caelo</strong></span> <span class='ocrx_word' id='word_1_42' title='bbox 719 969 845 1005; x_wconf 81' lang='lat' dir='ltr'><strong>clarus</strong></span> <span class='ocrx_word' id='word_1_43' title='bbox 866 974 984 1017; x_wconf 81' lang='lat' dir='ltr'><strong>atque</strong></span> <span class='ocrx_word' id='word_1_44' title='bbox 1006 967 1105 1006; x_wconf 86' lang='lat' dir='ltr'><strong>inter</strong></span> <span class='ocrx_word' id='word_1_45' title='bbox 1126 968 1237 1015; x_wconf 75' lang='lat' dir='ltr'><strong>deos,</strong></span> 
     </span>
     <span class='ocr_line' id='line_1_9' title="bbox 275 1032 1011 1083; baseline 0.001 -13"><span class='ocrx_word' id='word_1_46' title='bbox 275 1032 375 1071; x_wconf 89' lang='lat' dir='ltr'><strong>inter</strong></span> <span class='ocrx_word' id='word_1_47' title='bbox 396 1032 569 1071; x_wconf 83' lang='lat' dir='ltr'><strong>mortalis</strong></span> <span class='ocrx_word' id='word_1_48' title='bbox 589 1033 752 1071; x_wconf 81' lang='lat' dir='ltr'><strong>ambulo</strong></span> <span class='ocrx_word' id='word_1_49' title='bbox 779 1032 782 1083; x_wconf 86' lang='grc' dir='ltr'>Ι</span> <span class='ocrx_word' id='word_1_50' title='bbox 811 1033 1011 1072; x_wconf 80' lang='lat' dir='ltr'><strong>interdius.</strong></span> 
     </span>
     <span class='ocr_line' id='line_1_10' title="bbox 274 1099 1211 1149; baseline 0.001 -12"><span class='ocrx_word' id='word_1_51' title='bbox 274 1106 312 1137; x_wconf 89' lang='lat' dir='ltr'><strong>et</strong></span> <span class='ocrx_word' id='word_1_52' title='bbox 332 1099 407 1137; x_wconf 80' lang='lat' dir='ltr'><strong>alia</strong></span> <span class='ocrx_word' id='word_1_53' title='bbox 427 1099 538 1149; x_wconf 82' lang='lat' dir='ltr'><strong>signa</strong></span> <span class='ocrx_word' id='word_1_54' title='bbox 558 1100 609 1137; x_wconf 90' lang='lat' dir='ltr'><strong>de</strong></span> <span class='ocrx_word' id='word_1_55' title='bbox 631 1100 742 1137; x_wconf 82' lang='lat' dir='ltr'><strong>caelo</strong></span> <span class='ocrx_word' id='word_1_56' title='bbox 764 1100 815 1138; x_wconf 82' lang='lat' dir='ltr'><strong>ad</strong></span> <span class='ocrx_word' id='word_1_57' title='bbox 836 1106 976 1138; x_wconf 84' lang='lat' dir='ltr'><strong>terram</strong></span> <span class='ocrx_word' id='word_1_58' title='bbox 998 1099 1185 1138; x_wconf 82' lang='lat' dir='ltr'><strong>accidunt</strong></span> <span class='ocrx_word' id='word_1_59' title='bbox 1204 1116 1211 1139; x_wconf 89' lang='lat'>:</span> 
     </span>
     <span class='ocr_line' id='line_1_11' title="bbox 274 1164 1393 1215; baseline 0 -12"><span class='ocrx_word' id='word_1_60' title='bbox 274 1165 342 1215; x_wconf 87' lang='lat' dir='ltr'><strong>qui</strong></span> <span class='ocrx_word' id='word_1_61' title='bbox 363 1172 421 1203; x_wconf 88' lang='lat' dir='ltr'><strong>est</strong></span> <span class='ocrx_word' id='word_1_62' title='bbox 442 1164 654 1215; x_wconf 81' lang='lat' dir='ltr'><strong>imperator</strong></span> <span class='ocrx_word' id='word_1_63' title='bbox 675 1164 812 1203; x_wconf 89' lang='lat' dir='ltr'><strong>diuom</strong></span> <span class='ocrx_word' id='word_1_64' title='bbox 834 1172 953 1215; x_wconf 83' lang='lat' dir='ltr'><strong>atque</strong></span> <span class='ocrx_word' id='word_1_65' title='bbox 974 1164 1182 1203; x_wconf 88' lang='lat' dir='ltr'><strong>hominum</strong></span> <span class='ocrx_word' id='word_1_66' title='bbox 1206 1164 1393 1215; x_wconf 84' lang='lat' dir='ltr'><strong>Iuppiter,</strong></span> 
     </span>
    </p>

    <p class='ocr_par' dir='ltr' id='par_1_4' title="bbox 106 1230 1567 1544">
     <span class='ocr_line' id='line_1_12' title="bbox 106 1230 1567 1281; baseline 0 -13"><span class='ocrx_word' id='word_1_67' title='bbox 106 1243 147 1268; x_wconf 93' lang='lat'><strong>10</strong></span> <span class='ocrx_word' id='word_1_68' title='bbox 275 1231 305 1269; x_wconf 83' lang='lat' dir='ltr'><strong>is</strong></span> <span class='ocrx_word' id='word_1_69' title='bbox 327 1244 398 1269; x_wconf 87' lang='lat' dir='ltr'><strong>nos</strong></span> <span class='ocrx_word' id='word_1_70' title='bbox 420 1244 488 1281; x_wconf 89' lang='lat' dir='ltr'><strong>per</strong></span> <span class='ocrx_word' id='word_1_71' title='bbox 507 1230 634 1280; x_wconf 84' lang='lat' dir='ltr'><strong>gentis</strong></span> <span class='ocrx_word' id='word_1_72' title='bbox 655 1230 752 1269; x_wconf 85' lang='lat' dir='ltr'><strong>alios</strong></span> <span class='ocrx_word' id='word_1_73' title='bbox 773 1230 849 1269; x_wconf 83' lang='lat' dir='ltr'><strong>alia</strong></span> <span class='ocrx_word' id='word_1_74' title='bbox 868 1231 1041 1281; x_wconf 82' lang='lat' dir='ltr'><strong>disparat</strong></span> <span class='ocrx_word' id='word_1_75' title='bbox 1531 1241 1567 1263; x_wconf 86' lang='lat'><strong>10</strong></span> 
     </span>
     <span class='ocr_line' id='line_1_13' title="bbox 274 1295 1352 1347; baseline -0.001 -13"><span class='ocrx_word' id='word_1_76' title='bbox 274 1296 342 1347; x_wconf 89' lang='lat' dir='ltr'><strong>qui</strong></span> <span class='ocrx_word' id='word_1_77' title='bbox 364 1298 465 1335; x_wconf 77' lang='lat' dir='ltr'><strong>faeta</strong></span> <span class='ocrx_word' id='word_1_78' title='bbox 486 1295 694 1335; x_wconf 85' lang='lat' dir='ltr'><strong>hominum</strong></span> <span class='ocrx_word' id='word_1_79' title='bbox 720 1309 940 1346; x_wconf 88' lang='lat' dir='ltr'><strong>moresque,</strong></span> <span class='ocrx_word' id='word_1_80' title='bbox 965 1296 1150 1346; x_wconf 79' lang='lat' dir='ltr'><strong>pietatem</strong></span> <span class='ocrx_word' id='word_1_81' title='bbox 1174 1304 1211 1334; x_wconf 86' lang='lat' dir='ltr'><strong>et</strong></span> <span class='ocrx_word' id='word_1_82' title='bbox 1233 1297 1352 1334; x_wconf 83' lang='lat' dir='ltr'><strong>fidem</strong></span> 
     </span>
     <span class='ocr_line' id='line_1_14' title="bbox 273 1361 1199 1413; baseline -0.001 -12"><span class='ocrx_word' id='word_1_83' title='bbox 273 1375 498 1410; x_wconf 85' lang='lat' dir='ltr'><strong>noscamus,</strong></span> <span class='ocrx_word' id='word_1_84' title='bbox 519 1370 561 1401; x_wconf 90' lang='lat' dir='ltr'><strong>ut</strong></span> <span class='ocrx_word' id='word_1_85' title='bbox 582 1376 783 1413; x_wconf 87' lang='lat' dir='ltr'><strong>quemque</strong></span> <span class='ocrx_word' id='word_1_86' title='bbox 803 1361 966 1401; x_wconf 84' lang='lat' dir='ltr'><strong>adiuuet</strong></span> <span class='ocrx_word' id='word_1_87' title='bbox 987 1362 1199 1412; x_wconf 72' lang='lat' dir='ltr'><strong>opulentia.</strong></span> 
     </span>
     <span class='ocr_line' id='line_1_15' title="bbox 272 1427 958 1478; baseline -0.001 -12"><span class='ocrx_word' id='word_1_88' title='bbox 272 1428 339 1478; x_wconf 90' lang='lat' dir='ltr'><strong>qui</strong></span> <span class='ocrx_word' id='word_1_89' title='bbox 360 1429 475 1467; x_wconf 81' lang='lat' dir='ltr'><strong>falsas</strong></span> <span class='ocrx_word' id='word_1_90' title='bbox 497 1428 573 1467; x_wconf 86' lang='lat' dir='ltr'><strong>litis</strong></span> <span class='ocrx_word' id='word_1_91' title='bbox 594 1427 700 1466; x_wconf 84' lang='lat' dir='ltr'><strong>falsis</strong></span> <span class='ocrx_word' id='word_1_92' title='bbox 722 1427 958 1466; x_wconf 83' lang='lat' dir='ltr'><strong>testimoniis</strong></span> 
     </span>
     <span class='ocr_line' id='line_1_16' title="bbox 272 1492 1189 1544; baseline -0.001 -12"><span class='ocrx_word' id='word_1_93' title='bbox 272 1501 411 1544; x_wconf 89' lang='lat' dir='ltr'><strong>petunt</strong></span> <span class='ocrx_word' id='word_1_94' title='bbox 432 1494 579 1544; x_wconf 84' lang='lat' dir='ltr'><strong>quique</strong></span> <span class='ocrx_word' id='word_1_95' title='bbox 601 1494 640 1531; x_wconf 78' lang='lat' dir='ltr'><strong>in</strong></span> <span class='ocrx_word' id='word_1_96' title='bbox 662 1494 744 1532; x_wconf 91' lang='lat' dir='ltr'><strong>iure</strong></span> <span class='ocrx_word' id='word_1_97' title='bbox 764 1493 947 1531; x_wconf 80' lang='lat' dir='ltr'><strong>abiurant</strong></span> <span class='ocrx_word' id='word_1_98' title='bbox 968 1492 1189 1544; x_wconf 84' lang='lat' dir='ltr'><strong>pecuniam,</strong></span> 
     </span>
    </p>

    <p class='ocr_par' dir='ltr' id='par_1_5' title="bbox 102 1558 1561 1870">
     <span class='ocr_line' id='line_1_17' title="bbox 102 1558 1561 1609; baseline -0.001 -11"><span class='ocrx_word' id='word_1_99' title='bbox 102 1571 141 1607; x_wconf 84' lang='lat'><strong>15</strong></span> <span class='ocrx_word' id='word_1_100' title='bbox 271 1572 407 1598; x_wconf 91' lang='lat' dir='ltr'><strong>eorum</strong></span> <span class='ocrx_word' id='word_1_101' title='bbox 429 1560 630 1598; x_wconf 87' lang='lat' dir='ltr'><strong>referimus</strong></span> <span class='ocrx_word' id='word_1_102' title='bbox 652 1559 816 1598; x_wconf 84' lang='lat' dir='ltr'><strong>nomina</strong></span> <span class='ocrx_word' id='word_1_103' title='bbox 837 1558 1029 1609; x_wconf 82' lang='lat' dir='ltr'><strong>exscripta</strong></span> <span class='ocrx_word' id='word_1_104' title='bbox 1049 1560 1100 1597; x_wconf 84' lang='lat' dir='ltr'><strong>ad</strong></span> <span class='ocrx_word' id='word_1_105' title='bbox 1123 1560 1261 1596; x_wconf 86' lang='lat' dir='ltr'><strong>Iouem</strong></span> <span class='ocrx_word' id='word_1_106' title='bbox 1278 1573 1288 1606; x_wconf 82' lang='lat'><em>3</em></span> <span class='ocrx_word' id='word_1_107' title='bbox 1526 1574 1561 1606; x_wconf 80' lang='lat'><strong>15</strong></span> 
     </span>
     <span class='ocr_line' id='line_1_18' title="bbox 271 1625 1181 1676; baseline -0.001 -13"><span class='ocrx_word' id='word_1_108' title='bbox 271 1625 434 1664; x_wconf 88' lang='lat' dir='ltr'><strong>cottidie</strong></span> <span class='ocrx_word' id='word_1_109' title='bbox 454 1625 518 1664; x_wconf 86' lang='lat' dir='ltr'><strong>ille</strong></span> <span class='ocrx_word' id='word_1_110' title='bbox 540 1625 611 1664; x_wconf 87' lang='lat' dir='ltr'><strong>scit</strong></span> <span class='ocrx_word' id='word_1_111' title='bbox 632 1625 720 1676; x_wconf 83' lang='lat' dir='ltr'><strong>quis</strong></span> <span class='ocrx_word' id='word_1_112' title='bbox 742 1625 805 1663; x_wconf 87' lang='lat' dir='ltr'><strong>hic</strong></span> <span class='ocrx_word' id='word_1_113' title='bbox 827 1633 988 1675; x_wconf 80' lang='lat' dir='ltr'><strong>quaerat</strong></span> <span class='ocrx_word' id='word_1_114' title='bbox 1010 1626 1157 1662; x_wconf 82' lang='lat' dir='ltr'><strong>malum</strong></span> <span class='ocrx_word' id='word_1_115' title='bbox 1175 1640 1181 1663; x_wconf 89' lang='lat'>:</span> 
     </span>
     <span class='ocr_line' id='line_1_19' title="bbox 269 1690 1103 1741; baseline 0 -13"><span class='ocrx_word' id='word_1_116' title='bbox 269 1691 336 1740; x_wconf 88' lang='lat' dir='ltr'><strong>qui</strong></span> <span class='ocrx_word' id='word_1_117' title='bbox 359 1691 421 1729; x_wconf 78' lang='lat' dir='ltr'><strong>hic</strong></span> <span class='ocrx_word' id='word_1_118' title='bbox 444 1691 550 1729; x_wconf 90' lang='lat' dir='ltr'><strong>litem</strong></span> <span class='ocrx_word' id='word_1_119' title='bbox 571 1691 693 1741; x_wconf 78' lang='lat' dir='ltr'><strong>apisci</strong></span> <span class='ocrx_word' id='word_1_120' title='bbox 715 1692 916 1741; x_wconf 84' lang='lat' dir='ltr'><strong>postulant</strong></span> <span class='ocrx_word' id='word_1_121' title='bbox 938 1690 1103 1740; x_wconf 87' lang='lat' dir='ltr'><strong>peiiurio</strong></span> 
     </span>
     <span class='ocr_line' id='line_1_20' title="bbox 269 1757 1244 1809; baseline 0.001 -15"><span class='ocrx_word' id='word_1_122' title='bbox 269 1757 370 1804; x_wconf 79' lang='lat' dir='ltr'><strong>mali,</strong></span> <span class='ocrx_word' id='word_1_123' title='bbox 395 1772 454 1797; x_wconf 88' lang='lat' dir='ltr'><strong>res</strong></span> <span class='ocrx_word' id='word_1_124' title='bbox 475 1759 590 1797; x_wconf 81' lang='lat' dir='ltr'><strong>falsas</strong></span> <span class='ocrx_word' id='word_1_125' title='bbox 612 1758 678 1808; x_wconf 85' lang='lat' dir='ltr'><strong>qui</strong></span> <span class='ocrx_word' id='word_1_126' title='bbox 701 1759 912 1809; x_wconf 82' lang='lat' dir='ltr'><strong>impetrant</strong></span> <span class='ocrx_word' id='word_1_127' title='bbox 933 1759 1039 1808; x_wconf 83' lang='lat' dir='ltr'><strong>apud</strong></span> <span class='ocrx_word' id='word_1_128' title='bbox 1062 1757 1244 1805; x_wconf 87' lang='lat' dir='ltr'><strong>iudicem,</strong></span> 
     </span>
     <span class='ocr_line' id='line_1_21' title="bbox 268 1822 1137 1870; baseline 0.001 -10"><span class='ocrx_word' id='word_1_129' title='bbox 268 1822 408 1861; x_wconf 90' lang='lat' dir='ltr'><strong>iterum</strong></span> <span class='ocrx_word' id='word_1_130' title='bbox 430 1824 494 1862; x_wconf 87' lang='lat' dir='ltr'><strong>ille</strong></span> <span class='ocrx_word' id='word_1_131' title='bbox 515 1838 601 1862; x_wconf 83' lang='lat' dir='ltr'><strong>eam</strong></span> <span class='ocrx_word' id='word_1_132' title='bbox 624 1838 704 1863; x_wconf 90' lang='lat' dir='ltr'><strong>rem</strong></span> <span class='ocrx_word' id='word_1_133' title='bbox 729 1824 941 1862; x_wconf 84' lang='lat' dir='ltr'><strong>iudicatam</strong></span> <span class='ocrx_word' id='word_1_134' title='bbox 965 1823 1137 1870; x_wconf 76' lang='lat' dir='ltr'><strong>iudicat3</strong></span> 
     </span>
    </p>

    <p class='ocr_par' dir='ltr' id='par_1_6' title="bbox 96 1888 1559 2071">
     <span class='ocr_line' id='line_1_22' title="bbox 96 1888 1559 1940; baseline -0.001 -14"><span class='ocrx_word' id='word_1_135' title='bbox 96 1901 142 1926; x_wconf 91' lang='lat'><strong>20</strong></span> <span class='ocrx_word' id='word_1_136' title='bbox 270 1888 416 1927; x_wconf 86' lang='lat' dir='ltr'><strong>maiore</strong></span> <span class='ocrx_word' id='word_1_137' title='bbox 438 1891 560 1927; x_wconf 87' lang='lat' dir='ltr'><strong>multa</strong></span> <span class='ocrx_word' id='word_1_138' title='bbox 582 1891 720 1928; x_wconf 83' lang='lat' dir='ltr'><strong>multat</strong></span> <span class='ocrx_word' id='word_1_139' title='bbox 742 1903 861 1940; x_wconf 82' lang='lat' dir='ltr'><strong>quam</strong></span> <span class='ocrx_word' id='word_1_140' title='bbox 883 1889 990 1928; x_wconf 88' lang='lat' dir='ltr'><strong>litem</strong></span> <span class='ocrx_word' id='word_1_141' title='bbox 1012 1891 1204 1927; x_wconf 78' lang='lat' dir='ltr'><strong>auferunt.</strong></span> <span class='ocrx_word' id='word_1_142' title='bbox 1518 1900 1559 1924; x_wconf 82' lang='lat'><strong>20</strong></span> 
     </span>
     <span class='ocr_line' id='line_1_23' title="bbox 268 1953 1114 2005; baseline 0.001 -14"><span class='ocrx_word' id='word_1_143' title='bbox 268 1953 397 1992; x_wconf 85' lang='lat' dir='ltr'><strong>bonos</strong></span> <span class='ocrx_word' id='word_1_144' title='bbox 418 1954 456 1991; x_wconf 90' lang='lat' dir='ltr'><strong>in</strong></span> <span class='ocrx_word' id='word_1_145' title='bbox 478 1954 562 1992; x_wconf 82' lang='lat' dir='ltr'><strong>aliis</strong></span> <span class='ocrx_word' id='word_1_146' title='bbox 584 1954 726 1993; x_wconf 86' lang='lat' dir='ltr'><strong>tabulis</strong></span> <span class='ocrx_word' id='word_1_147' title='bbox 748 1954 963 2005; x_wconf 78' lang='lat' dir='ltr'><strong>exscriptos</strong></span> <span class='ocrx_word' id='word_1_148' title='bbox 984 1955 1114 1993; x_wconf 83' lang='lat' dir='ltr'><strong>habet.</strong></span> 
     </span>
     <span class='ocr_line' id='line_1_24' title="bbox 265 2019 1318 2071; baseline -0.001 -14"><span class='ocrx_word' id='word_1_149' title='bbox 265 2026 384 2068; x_wconf 82' lang='lat' dir='ltr'><strong>atque</strong></span> <span class='ocrx_word' id='word_1_150' title='bbox 405 2020 481 2057; x_wconf 89' lang='lat' dir='ltr'><strong>hoc</strong></span> <span class='ocrx_word' id='word_1_151' title='bbox 503 2019 656 2058; x_wconf 85' lang='lat' dir='ltr'><strong>scelesti</strong></span> <span class='ocrx_word' id='word_1_152' title='bbox 683 2020 686 2071; x_wconf 78' lang='grc' dir='ltr'>Ι</span> <span class='ocrx_word' id='word_1_153' title='bbox 715 2019 754 2057; x_wconf 92' lang='lat' dir='ltr'><strong>in</strong></span> <span class='ocrx_word' id='word_1_154' title='bbox 776 2019 953 2058; x_wconf 81' lang='lat' dir='ltr'><strong>animum</strong></span> <span class='ocrx_word' id='word_1_155' title='bbox 976 2019 1170 2058; x_wconf 85' lang='lat' dir='ltr'><strong>inducunt</strong></span> <span class='ocrx_word' id='word_1_156' title='bbox 1192 2032 1318 2066; x_wconf 83' lang='lat' dir='ltr'><strong>suom,</strong></span> 
     </span>
    </p>

    <p class='ocr_par' dir='ltr' id='par_1_7' title="bbox 268 2084 1116 2133">
     <span class='ocr_line' id='line_1_25' title="bbox 268 2084 1116 2133; baseline 0.001 -12"><span class='ocrx_word' id='word_1_157' title='bbox 268 2085 406 2121; x_wconf 91' lang='lat' dir='ltr'><strong>Iouem</strong></span> <span class='ocrx_word' id='word_1_158' title='bbox 430 2085 470 2122; x_wconf 77' lang='lat' dir='ltr'><strong>se</strong></span> <span class='ocrx_word' id='word_1_159' title='bbox 491 2085 644 2133; x_wconf 78' lang='lat' dir='ltr'><strong>placare</strong></span> <span class='ocrx_word' id='word_1_160' title='bbox 665 2097 781 2133; x_wconf 87' lang='lat' dir='ltr'><strong>posse</strong></span> <span class='ocrx_word' id='word_1_161' title='bbox 802 2084 930 2130; x_wconf 81' lang='lat' dir='ltr'><strong>donis,</strong></span> <span class='ocrx_word' id='word_1_162' title='bbox 955 2084 1092 2122; x_wconf 87' lang='lat' dir='ltr'><strong>hostiis</strong></span> <span class='ocrx_word' id='word_1_163' title='bbox 1110 2100 1116 2121; x_wconf 73' lang='grc' dir='ltr'><em>τ</em></span> 
     </span>
    </p>
   </div>
   <div class='ocr_carea' id='block_1_4' title="bbox 158 2187 1499 2317">
    <p class='ocr_par' dir='ltr' id='par_1_8' title="bbox 158 2187 1499 2317">
     <span class='ocr_line' id='line_1_26' title="bbox 202 2187 1499 2230; baseline 0.002 -13"><span class='ocrx_word' id='word_1_164' title='bbox 202 2197 222 2217; x_wconf 88' lang='lat'><em>2</em></span> <span class='ocrx_word' id='word_1_165' title='bbox 247 2187 331 2217; x_wconf 84' lang='lat' dir='ltr'><strong>ciuis</strong></span> <span class='ocrx_word' id='word_1_166' title='bbox 351 2187 415 2225; x_wconf 84' lang='grc' dir='ltr'><strong>(Β)</strong></span> <span class='ocrx_word' id='word_1_167' title='bbox 439 2188 488 2218; x_wconf 83' lang='lat' dir='ltr'><strong>vel</strong></span> <span class='ocrx_word' id='word_1_168' title='bbox 511 2189 606 2218; x_wconf 88' lang='lat' dir='ltr'><strong>cuius</strong></span> <span class='ocrx_word' id='word_1_169' title='bbox 632 2188 734 2226; x_wconf 56' lang='lat' dir='ltr'><strong>(pen)</strong></span> <span class='ocrx_word' id='word_1_170' title='bbox 759 2187 826 2219; x_wconf 82' lang='lat' dir='ltr'><strong>cod.</strong></span> <span class='ocrx_word' id='word_1_171' title='bbox 1002 2199 1018 2227; x_wconf 92' lang='lat'>7</span> <span class='ocrx_word' id='word_1_172' title='bbox 1044 2188 1142 2230; x_wconf 78' lang='lat' dir='ltr'><strong>(hic)</strong></span> <span class='ocrx_word' id='word_1_173' title='bbox 1168 2189 1332 2219; x_wconf 79' lang='lat' dir='ltr'><strong>interdius</strong></span> <span class='ocrx_word' id='word_1_174' title='bbox 1357 2188 1499 2228; x_wconf 66' lang='lat' dir='ltr'><strong>Spengel</strong></span> 
     </span>
     <span class='ocr_line' id='line_1_27' title="bbox 158 2231 1496 2273; baseline 0.002 -13"><span class='ocrx_word' id='word_1_175' title='bbox 158 2231 178 2261; x_wconf 86' lang='lat'><em>8</em></span> <span class='ocrx_word' id='word_1_176' title='bbox 202 2231 269 2262; x_wconf 69' lang='lat' dir='ltr'><strong>secl.</strong></span> <span class='ocrx_word' id='word_1_177' title='bbox 299 2231 461 2262; x_wconf 67' lang='lat' dir='ltr'><em>Dze&#39;atzko</em></span> <span class='ocrx_word' id='word_1_178' title='bbox 608 2242 647 2262; x_wconf 94' lang='lat'><strong>10</strong></span> <span class='ocrx_word' id='word_1_179' title='bbox 671 2233 756 2262; x_wconf 85' lang='lat' dir='ltr'><strong>alius</strong></span> <span class='ocrx_word' id='word_1_180' title='bbox 782 2232 848 2262; x_wconf 87' lang='lat' dir='ltr'><strong>cod.</strong></span> <span class='ocrx_word' id='word_1_181' title='bbox 880 2233 913 2267; x_wconf 74' lang='lat' dir='ltr'><strong>(i.</strong></span> <span class='ocrx_word' id='word_1_182' title='bbox 931 2243 954 2262; x_wconf 79' lang='lat' dir='ltr'><strong>e.</strong></span> <span class='ocrx_word' id='word_1_183' title='bbox 983 2233 1086 2263; x_wconf 64' lang='lat' dir='ltr'><strong>alios?</strong></span> <span class='ocrx_word' id='word_1_184' title='bbox 1117 2233 1135 2262; x_wconf 89' lang='lat' dir='ltr'><strong>i.</strong></span> <span class='ocrx_word' id='word_1_185' title='bbox 1164 2234 1224 2272; x_wconf 84' lang='lat'><strong>3):</strong></span> <span class='ocrx_word' id='word_1_186' title='bbox 1248 2233 1337 2263; x_wconf 81' lang='lat' dir='ltr'><strong>aliud</strong></span> <span class='ocrx_word' id='word_1_187' title='bbox 1363 2233 1496 2273; x_wconf 72' lang='lat' dir='ltr'><strong>Sq)gffi·rt</strong></span> 
     </span>
     <span class='ocr_line' id='line_1_28' title="bbox 163 2275 1489 2317; baseline 0.002 -14"><span class='ocrx_word' id='word_1_188' title='bbox 163 2283 195 2303; x_wconf 95' lang='lat'><strong>11</strong></span> <span class='ocrx_word' id='word_1_189' title='bbox 223 2285 289 2313; x_wconf 85' lang='lat' dir='ltr'><strong>que</strong></span> <span class='ocrx_word' id='word_1_190' title='bbox 316 2285 382 2305; x_wconf 85' lang='lat' dir='ltr'><strong>om.</strong></span> <span class='ocrx_word' id='word_1_191' title='bbox 417 2275 489 2306; x_wconf 74' lang='lat' dir='ltr'><strong>PBC</strong></span> <span class='ocrx_word' id='word_1_192' title='bbox 638 2285 744 2314; x_wconf 84' lang='lat' dir='ltr'><strong>2c—37</strong></span> <span class='ocrx_word' id='word_1_193' title='bbox 770 2276 862 2306; x_wconf 76' lang='lat' dir='ltr'><strong>initia</strong></span> <span class='ocrx_word' id='word_1_194' title='bbox 890 2281 1019 2306; x_wconf 69' lang='lat' dir='ltr'><strong>servula</strong></span> <span class='ocrx_word' id='word_1_195' title='bbox 1051 2277 1082 2306; x_wconf 83' lang='lat' dir='ltr'><em>A</em></span> <span class='ocrx_word' id='word_1_196' title='bbox 1235 2287 1274 2306; x_wconf 69' lang='lat'><strong>22</strong></span> <span class='ocrx_word' id='word_1_197' title='bbox 1300 2276 1370 2317; x_wconf 73' lang='lat' dir='ltr'><strong>(si)</strong></span> <span class='ocrx_word' id='word_1_198' title='bbox 1404 2276 1434 2306; x_wconf 88' lang='lat' dir='ltr'><strong>in</strong></span> <span class='ocrx_word' id='word_1_199' title='bbox 1463 2288 1489 2307; x_wconf 78' lang='lat' dir='ltr'><strong>a.</strong></span> 
     </span>
    </p>
   </div>
   <div class='ocr_carea' id='block_1_5' title="bbox 159 2317 1489 2397">
    <p class='ocr_par' dir='ltr' id='par_1_9' title="bbox 159 2317 1489 2397">
     <span class='ocr_line' id='line_1_29' title="bbox 159 2317 1489 2360; baseline 0.003 -13"><span class='ocrx_word' id='word_1_200' title='bbox 159 2317 316 2348; x_wconf 77' lang='lat' dir='ltr'><strong>Mueller:</strong></span> <span class='ocrx_word' id='word_1_201' title='bbox 349 2319 376 2348; x_wconf 89' lang='lat' dir='ltr'><strong>si</strong></span> <span class='ocrx_word' id='word_1_202' title='bbox 403 2330 432 2349; x_wconf 82' lang='lat' dir='ltr'><strong>a.</strong></span> <span class='ocrx_word' id='word_1_203' title='bbox 458 2317 608 2349; x_wconf 78' lang='lat' dir='ltr'><strong>Sclzoell:</strong></span> <span class='ocrx_word' id='word_1_204' title='bbox 641 2320 695 2358; x_wconf 86' lang='lat' dir='ltr'><strong>qui</strong></span> <span class='ocrx_word' id='word_1_205' title='bbox 714 2330 742 2350; x_wconf 88' lang='lat' dir='ltr'><strong>a.</strong></span> <span class='ocrx_word' id='word_1_206' title='bbox 767 2318 831 2349; x_wconf 84' lang='lat' dir='ltr'><strong>Leo</strong></span> <span class='ocrx_word' id='word_1_207' title='bbox 849 2319 898 2360; x_wconf 79' lang='lat' dir='ltr'><strong>(A</strong></span> <span class='ocrx_word' id='word_1_208' title='bbox 919 2330 949 2349; x_wconf 84' lang='lat' dir='ltr'><strong>n.</strong></span> <span class='ocrx_word' id='word_1_209' title='bbox 970 2320 1008 2350; x_wconf 63' lang='grc' dir='ltr'>Η</span> <span class='ocrx_word' id='word_1_210' title='bbox 1102 2320 1262 2351; x_wconf 84' lang='lat' dir='ltr'><strong>inducunt</strong></span> <span class='ocrx_word' id='word_1_211' title='bbox 1281 2320 1310 2350; x_wconf 82' lang='lat' dir='ltr'><strong>lt</strong></span> <span class='ocrx_word' id='word_1_212' title='bbox 1334 2320 1353 2350; x_wconf 91' lang='lat' dir='ltr'><strong>l.</strong></span> <span class='ocrx_word' id='word_1_213' title='bbox 1374 2332 1380 2349; x_wconf 78' lang='grc' dir='ltr'><em>τ</em></span> <span class='ocrx_word' id='word_1_214' title='bbox 1407 2321 1489 2351; x_wconf 84' lang='lat' dir='ltr'><strong>indi·</strong></span> 
     </span>
     <span class='ocr_line' id='line_1_30' title="bbox 159 2361 436 2397; baseline 0 -5"><span class='ocrx_word' id='word_1_215' title='bbox 159 2367 238 2397; x_wconf 78' lang='lat' dir='ltr'><strong>cunt</strong></span> <span class='ocrx_word' id='word_1_216' title='bbox 256 2361 292 2397; x_wconf 76' lang='lat' dir='ltr'><strong>P,</strong></span> <span class='ocrx_word' id='word_1_217' title='bbox 314 2362 346 2391; x_wconf 84' lang='lat' dir='ltr'><em>A</em></span> <span class='ocrx_word' id='word_1_218' title='bbox 365 2373 396 2392; x_wconf 83' lang='lat' dir='ltr'><strong>n.</strong></span> <span class='ocrx_word' id='word_1_219' title='bbox 416 2362 436 2393; x_wconf 86' lang='lat' dir='ltr'><strong>l.</strong></span> 
     </span>
    </p>
   </div>
  </div>
 </body>
</html>
