1747 2740
177 100 228 139 II.
250 100 295 137 vi
670 101 716 138 T.
750 100 930 140 MACCI
963 101 1166 139 PLAVTI

190 224 232 259 70
359 225 465 250 nunc
485 211 515 249 si
539 224 601 250 me
621 212 855 250 adulescens
879 211 1128 261 Plesidippus
1149 212 1302 260 uiderit,

358 290 438 327 quo
459 277 509 315 ab
529 277 762 315 arrabonem
785 290 855 327 pro
880 278 1075 314 Palaestra
1090 291 1332 328 acceperam,
1606 287 1669 324 555

358 342 435 381 iam
457 343 488 381 is
509 342 710 381 exhibebit
731 342 795 381 hic
817 342 913 380 mihi
936 343 1150 393 negotium.

359 410 436 447 CH.
470 407 577 458 quid,
601 409 728 454 stulte,
753 409 910 457 ploras?
941 407 1009 446 tibi
1033 408 1194 458 quidem
1217 410 1359 460 edepol
1379 408 1542 460 copiast,

358 474 455 511 dum
476 472 608 522 lingua
629 472 747 519 uiuet,
771 472 838 523 qui
861 486 942 510 rem
964 474 1095 511 soluas
1116 473 1312 512 omnibus.

169 584 229 621 vii
352 585 682 622 SCEPARNro
795 585 1022 621 LABRAX
1136 584 1480 623 CHARM1D1zs

248 666 310 703 Sc.
345 665 454 714 Quid
475 665 577 712 illuc,
601 678 778 715 opsecro,
802 664 935 716 negoti
956 666 1066 715 quod
1087 666 1190 704 duae
1211 665 1463 703 mulierculae

248 729 312 768 hic
333 729 373 767 in
394 731 486 768 fano
507 729 672 768 Veneris
693 730 848 780 signum
870 731 1009 768 flentes
1029 731 1234 780 amplexae
1255 737 1402 776 tenent,
1605 733 1674 776 560

248 794 504 845 nescioquem
527 802 748 834 metuentes
769 795 964 834 miserae?
993 803 1110 835 nocte
1131 797 1205 834 hac
1225 795 1335 834 aiunt
1355 808 1545 846 proxuma

249 872 290 897 se
306 859 466 898 iactatas
487 867 606 910 atque
627 860 771 899 eiectas
792 860 913 899 hodie
933 873 1019 898 esse
1039 860 1150 898 aiunt
1170 873 1191 899 e
1212 859 1318 898 mari.

211 938 227 969 5
250 925 319 962 LA.
344 937 509 975 opsecro
525 925 666 972 hercle,
685 926 930 972 adulescens,
947 925 1015 964 ubi
1032 924 1152 964 istaec
1168 932 1260 964 sunt
1276 938 1374 976 quas
1391 938 1586 964 memoras

1374 990 1556 1029 mulieres
1570 992 1586 1028 ?

248 1054 310 1092 Sc.
343 1054 406 1092 hic
442 1053 481 1091 in
515 1055 607 1092 fano
643 1053 819 1093 Veneris.
894 1056 967 1094 LA.
997 1062 1095 1106 quot
1129 1057 1250 1094 sunt?
1323 1056 1386 1094 Sc.
1418 1055 1584 1094 totidem

1101 1129 1199 1171 quot
1220 1134 1294 1171 ego
1314 1128 1352 1159 et
1374 1128 1414 1159 tu
1436 1134 1581 1159 sumus.

250 1186 320 1223 LA.
353 1186 483 1236 nemp’
506 1186 646 1224 meae?
702 1186 764 1224 Sc.
797 1187 929 1236 nemp'
949 1185 1086 1224 nescio
1113 1185 1223 1224 istuc.
1284 1187 1354 1224 LA.
1388 1198 1466 1235 qua
1493 1194 1582 1223 sunt
1605 1191 1668 1236 565

1152 1251 1280 1290 facie?
1337 1252 1398 1289 Sc.
1431 1250 1580 1289 scitula.

248 1318 310 1355 uel
332 1329 405 1366 ego
425 1329 557 1354 amare
578 1316 767 1355 utramuis
789 1330 962 1366 possum,
986 1316 1017 1354 si
1039 1316 1163 1366 probe
1182 1317 1353 1367 adpotus
1374 1315 1482 1354 siem.

249 1383 319 1420 LA.
353 1383 483 1432 nemp’
501 1383 684 1431 puellae?
722 1382 784 1419 Sc.
817 1383 948 1431 nemp'
966 1383 1155 1420 molestus
1175 1394 1227 1419 es.
1268 1381 1279 1419 i
1301 1381 1398 1428 uise,
1414 1381 1444 1419 si
1462 1381 1581 1420 lubet.

192 1460 230 1482 ιο
251 1448 320 1484 LA.
355 1459 461 1484 meas
483 1453 638 1497 oportet
660 1446 764 1484 intus
785 1459 870 1484 esse
891 1446 955 1484 hic
978 1445 1170 1492 mulieres,
1194 1445 1246 1484 mi
1269 1445 1513 1486 Charmides.

251 1513 328 1551 CH.
363 1512 540 1562 Iuppiter
561 1520 598 1550 te
619 1513 766 1562 perdat,
791 1520 829 1550 et
850 1512 881 1550 si
902 1520 993 1550 sunt
1014 1520 1051 1550 et
1073 1511 1103 1549 si
1125 1525 1205 1550 non
1227 1520 1317 1550 sunt
1338 1520 1481 1550 tamen.

252 1578 320 1615 LA.
354 1577 454 1615 intro
496 1590 675 1628 rumpam
717 1577 793 1615 iam
835 1578 912 1615 huc
953 1577 992 1615 in
1022 1577 1188 1615 Veneris
1228 1578 1511 1616 fanum—CH.
1544 1577 1583 1615 in
1604 1589 1672 1626 570

1137 1643 1363 1681 barathrum
1385 1642 1580 1681 mauelim.

250 1721 425 1758 opsecro,
450 1709 605 1759 hospes,
629 1710 679 1747 da
701 1709 796 1748 mihi
817 1710 967 1761 aliquid
988 1710 1054 1749 ubi
1076 1710 1394 1749 condormiscam
1416 1707 1502 1746 loci.

252 1774 314 1811 Sc.
347 1773 432 1812 istic
453 1774 520 1812 ubi
537 1774 596 1812 uis
614 1775 888 1814 condormisce
904 1792 913 1824 ;
944 1790 1062 1815 nemo
1079 1775 1274 1826 prohibet,
1292 1773 1494 1825 puplicum
1511 1781 1579 1812 est.

195 1850 231 1882 15
253 1840 330 1877 CH.
363 1846 400 1877 at
422 1839 533 1877 uides
555 1853 618 1878 me
639 1848 798 1879 ornatus
820 1849 861 1879 ut
883 1841 954 1879 sim
977 1840 1223 1880 uestimentis
1244 1839 1397 1878 uuidis:

252 1903 380 1953 recipe
402 1917 464 1942 me
486 1904 524 1942 in
546 1912 705 1952 tectum,
729 1907 781 1944 da
802 1906 897 1944 mihi
919 1906 1145 1945 uestimenti
1164 1905 1314 1956 aliquid
1335 1903 1431 1943 aridi

252 1970 346 2007 dum
367 1978 548 2008 arescunt
570 1984 658 2009 mea
675 1987 683 2018 ;
712 1971 750 2009 in
771 1972 904 2021 aliquo
925 1972 994 2010 tibi
1016 1972 1178 2021 gratiam
1199 1972 1362 2010 referam
1384 1972 1486 2008 loco.
1602 1980 1666 2017 575

294 2084 355 2113 555
381 2085 399 2105 a
416 2085 483 2114 quo
502 2074 534 2104 P
629 2076 795 2106 arrabone
812 2075 844 2105 A
980 2077 1044 2115 556
1068 2076 1130 2106 iam
1149 2075 1338 2106 sexhibebit
1356 2075 1388 2106 P
1516 2084 1582 2114 559

251 2118 325 2148 illuc
357 2123 409 2149 est
442 2119 516 2159 (zze.
549 2118 712 2158 illuc'stl)
745 2120 887 2150 obsecro
916 2120 1042 2158 negotii
1076 2120 1126 2150 P:
1158 2120 1234 2150 illuc
1259 2129 1402 2159 opsecro
1430 2118 1579 2157 negotist

250 2161 420 2192 Fleckeisen
520 2164 581 2201 561
608 2162 718 2201 aiunt]
733 2173 822 2193 nunc
840 2162 929 2202 P(N
940 2169 1000 2204 pro
1013 2163 1075 2198 AI>
1180 2165 1244 2202 562
1269 2164 1372 2194 iectas
1388 2161 1420 2192 Ρ
1514 2162 1580 2200 566

250 2206 338 2244 potis
349 2215 423 2236 sum
437 2207 531 2235 ‘cum
544 2205 618 2236 lusu
632 2206 802 2237 verborum
815 2207 822 2221 '
840 2206 904 2236 Leo
993 2209 1055 2246 567
1083 2206 1274 2246 Nepuellae
1288 2210 1324 2236 nt
1336 2205 1399 2236 vid.
1414 2205 1446 2235 A
1495 2215 1532 2236 es
1551 2205 1577 2246 i]

251 2254 300 2279 cst
328 2248 360 2279 P
460 2250 571 2279 ueissc
598 2249 632 2279 A
664 2251 819 2290 (antiqua
837 2250 969 2290 formal
1116 2251 1181 2289 568
1205 2260 1258 2280 me
1283 2249 1317 2280 P
1454 2258 1518 2288 573
1542 2254 1577 2280 ut

252 2299 390 2324 ornatus
414 2292 446 2321 A
593 2302 653 2332 574
680 2298 765 2324 uest}
793 2293 917 2334 aliquid
945 2293 977 2324 P
1000 2294 1072 2334 (tle.
1102 2294 1306 2333 uestimenti,
1335 2293 1389 2331 vii,
1418 2303 1448 2333 p.
1481 2293 1576 2326 106):

251 2337 376 2378 aliquid
395 2337 589 2368 uestimenti
606 2338 638 2367 A
