1747 2740
660 142 955 183 POENVLVS
1445 143 1474 181 Ι.
1496 143 1526 180 ii

144 261 248 299 ADE.
271 260 442 310 apscede
464 258 556 297 hinc
578 258 639 304 sis,
664 258 908 308 sycophanta
928 270 996 307 par
1017 270 1096 295 cro.
1137 258 1210 294 M1.
1233 264 1273 294 at
1294 255 1376 294 scin
1398 269 1478 306 quo

1325 322 1447 360 modo
1463 323 1480 359 ?

143 390 220 430 iam
242 393 372 430 hercle
393 404 466 441 ego
486 389 627 428 faciam
650 388 900 440 ploratillum‚
923 387 998 426 nisi
1019 395 1057 426 te
1078 387 1179 426 facio
1200 387 1422 438 propitiam,
1505 399 1565 432 170

141 464 261 507 atque
282 456 345 494 hic
367 470 416 494 ne
438 469 501 494 me
522 455 813 493 ucrberetillum
837 453 964 500 faciat,
987 452 1059 491 nisi
1083 460 1120 491 te
1141 452 1326 502 propitio,

144 523 246 559 male
267 520 436 559 formido
456 534 463 557 ι
493 519 588 558 noui
609 533 682 569 ego
704 518 834 557 huiius
856 532 985 556 mores
1008 517 1153 557 morosi
1179 519 1314 556 malos.

55 592 125 635 380
143 600 262 637 quam
284 587 335 625 ob
357 600 438 624 rem
460 586 614 633 amabo,
639 599 728 623 mea
748 586 942 635 uoluptas,
967 584 1051 622 sine
1073 592 1110 622 te
1131 585 1207 622 hoc
1229 582 1430 622 exorarier.

142 652 217 689 AG.
250 665 332 690 non
352 665 425 701 ego
446 652 568 689 homo
589 649 747 689 trioboli
769 664 867 696 sum,
892 649 965 688 nisi
987 663 1059 699 ego
1081 648 1134 686 illi
1156 648 1357 699 mastigiae

142 717 307 755 exturbo
328 718 464 754 oculos
484 723 604 766 atque
625 717 777 754 dentes.
836 729 899 754 em
922 716 1167 765 uoluptatem
1189 713 1259 752 tibi
1278 717 1284 752 1
1429 723 1435 731 ⁴
1502 727 1559 760 175

142 795 204 820 em
227 782 315 828 mel,
338 794 401 819 em
423 794 500 828 cor,
524 794 587 819 em
609 781 807 826 labellum,
833 779 895 818 e'm
918 781 1095 825 salutem,
1120 792 1183 817 em
1205 778 1382 817 sauiuml

143 847 216 884 M1.
240 845 391 897 impias,
407 860 481 892 ere,
498 853 536 884 te
554 860 560 883 :
588 854 783 884 oratorem
799 846 992 884 uerberas.
1025 846 1100 882 Ao.
1125 843 1201 881 iam
1219 843 1317 882 istoc
1332 844 1454 893 magis
1472 859 1478 882 ε

53 912 118 957 385
142 911 260 950 etiam
292 912 463 950 ocellum
498 912 646 949 addam
677 918 714 948 et
753 910 953 956 labellum,
978 909 1163 959 linguam.
1228 910 1301 946 M1.
1334 908 1478 958 ecquid

1199 973 1316 1012 facies
1338 974 1445 1012 modi
1462 976 1478 1013 ?

139 1044 214 1081 Ao.
248 1041 370 1080 sicine
391 1055 464 1092 ego
485 1049 523 1080 te
545 1055 674 1080 orares
695 1040 817 1079 iussi?
878 1042 949 1078 M1.
983 1053 1064 1090 quo
1081 1040 1203 1078 modo
1225 1053 1316 1089 ergo
1338 1053 1445 1077 orem
1463 1041 1479 1077 ?

1228 1106 1303 1143 AG.
1337 1106 1479 1155 rogas?

140 1173 194 1212 sic
216 1173 320 1211 enim
343 1172 508 1220 diceres,
529 1174 694 1211 sceleste
712 1187 718 1210 :
754 1171 884 1210 huiius
905 1172 1102 1221 uoluptas,
1127 1178 1164 1208 te
1186 1184 1363 1220 opsecro,
1502 1177 1561 1207 180

139 1238 254 1277 huius
278 1240 365 1285 mel,
389 1238 505 1276 huius
533 1252 611 1285 cor,
635 1237 751 1275 huius
779 1237 979 1283 labellum,
1012 1235 1142 1274 huiius
1174 1235 1319 1286 lingua,
1348 1234 1478 1273 huiius

1310 1299 1475 1348 sauiurn,

139 1368 255 1407 huius
276 1368 429 1415 delicia,
454 1367 584 1407 huiius
606 1369 710 1406 salus
731 1381 910 1415 amoena,
935 1366 1065 1405 huiius
1087 1366 1302 1405 festiuitas:

52 1445 121 1480 390
141 1433 262 1472 huiiu’
283 1435 464 1481 colustra,
484 1433 616 1471 huiius
637 1432 858 1472 dulciculus
879 1446 1028 1479 caseus,
1052 1431 1242 1482 mastigia,

35 1504 124 1544 390⁸
143 1499 272 1538 huiius
295 1514 372 1547 cor,
396 1499 527 1537 huiius
549 1498 736 1546 studium,
760 1497 891 1536 huiius
912 1497 1077 1544 sauium,
1102 1497 1306 1548 mastigia3

141 1564 275 1603 omnia
295 1564 370 1612 illa,
393 1578 495 1615 quae
516 1564 678 1603 dicebas
700 1572 767 1601 tua
787 1578 882 1609 esse,
907 1577 951 1602 ea
973 1562 1210 1601 me'morares
1233 1577 1330 1602 mea.
1501 1567 1561 1609 185

142 1632 214 1669 M1.
248 1644 413 1681 opsecro
433 1631 565 1669 hercle
587 1638 635 1677 te,
660 1630 843 1679 uoluptas
865 1628 995 1666 huiius
1016 1636 1134 1678 atque
1156 1628 1293 1667 odium
1316 1643 1460 1677 meum,

138 1695 268 1734 huiius
288 1695 417 1733 amica
437 1702 690 1743 mammeata,
712 1708 800 1733 mea
820 1693 980 1732 inimica
1000 1702 1038 1732 et
1060 1695 1266 1742 maleuola,

137 1762 275 1799 oculus
297 1760 437 1807 huiius,
462 1760 660 1810 lippitudo
681 1773 780 1806 mea,
804 1760 880 1798 mel
903 1759 1045 1806 huiius,
1068 1760 1118 1798 fel
1140 1773 1286 1806 meum,

50 1835 115 1872 395
138 1833 180 1864 ut
200 1834 241 1864 tu
263 1827 355 1863 hu'i'c
376 1825 472 1863 irata
495 1840 545 1864 ne
566 1825 617 1864 sis
638 1833 715 1872 aut,
739 1825 770 1863 si
792 1825 831 1864 id
854 1825 935 1863 fieri
958 1838 1039 1864 non
1060 1832 1205 1876 potest,

137 1891 268 1941 capias
290 1891 422 1929 restim
443 1905 489 1929 ac
511 1898 548 1929 te
570 1892 789 1941 suspendas
811 1904 902 1929 cum
924 1904 990 1929 ero
1012 1898 1050 1929 et
1071 1898 1204 1929 uostra
1223 1890 1380 1929 familia.
1497 1900 1558 1933 190

138 1971 228 1995 nam
252 1956 346 1995 mihi
369 1956 445 1995 iam
468 1956 587 1995 uideo
608 1964 768 2007 propter
788 1964 826 1995 te
847 1956 1109 1995 uictitandum
1132 1956 1290 2003 sorbilo,

137 2021 269 2073 itaque
290 2021 367 2060 iam
389 2021 500 2071 quasi
521 2029 736 2061 ostreatum
758 2029 909 2072 tergum
933 2021 1130 2060 ulceribus
1151 2021 1292 2072 gestito

180 2136 242 2165 377
270 2127 456 2166 plorantem
480 2126 573 2157 illum
598 2126 630 2157 Ρ
717 2128 901 2167 propiciam
929 2127 1012 2158 facio
1037 2126 1070 2156 P
1200 2128 1263 2166 378
1287 2137 1339 2157 mc
1362 2137 1403 2157 nc
1421 2126 1473 2158 P:

137 2181 178 2201 ne
197 2171 228 2201 in
248 2181 299 2201 me
319 2173 361 2208 (ἓ)
380 2170 444 2200 Leo
578 2180 643 2210 379
668 2172 808 2211 morosi]
829 2181 942 2202 moros
959 2171 992 2201 A
1127 2172 1192 2208 380
1215 2171 1334 2201 amabo
1351 2181 1416 2201 om.
1437 2171 1470 2202 A

135 2219 169 2245 te
185 2214 247 2244 hoc
268 2214 417 2253 Geppcrl:
445 2219 477 2244 te
491 2213 541 2246 P:
569 2214 632 2244 hoc
650 2215 682 2244 A
776 2216 838 2253 385
866 2215 931 2256 [ct]
960 2215 992 2246 li.
1014 2214 1047 2244 P
1132 2216 1196 2253 386
1221 2214 1365 2245 orareA
1384 2215 1418 2253 (i.
1433 2217 1470 2255 9)

136 2257 230 2297 iussit
246 2257 278 2287 A
359 2269 422 2295 ego
445 2258 476 2286 A
569 2259 634 2297 389
657 2258 707 2289 vel
721 2259 823 2289 huiiu·
845 2259 909 2290 del.
989 2259 1128 2289 delicias*
1146 2260 1189 2290 A.
1212 2271 1290 2291 ram:
1309 2258 1471 2290 [Uet-(frus

137 2303 189 2340 (ex
199 2312 227 2332 71.
242 2301 320 2340 365)
337 2313 343 2331 ;
371 2302 516 2331 colustra
535 2301 567 2331 P
584 2313 671 2341 Nexv.
688 2304 768 2342 3901
859 2313 924 2341 390
941 2314 1006 2333 om.
1026 2303 1072 2332 A·
1109 2303 1144 2342 «f
1156 2303 1202 2333 ml
1215 2314 1242 2333 v.
1256 2304 1322 2342 sq)
1389 2305 1471 2341 390²

134 2350 237 2384 supra
258 2345 388 2375 sanium
416 2346 568 2384 mastigia
593 2347 717 2387 scripsit
740 2346 926 2377 dulciculus
947 2357 1066 2376 caseus
1086 2347 1135 2375 Λ2
1261 2356 1324 2385 392
1348 2346 1465 2384 eiusA

134 2390 198 2428 396
221 2399 322 2428 quom
339 2389 369 2419 Ρ
388 2389 673 2430 Nanliqmrsorma)
