1747 2740
202 104 256 143 II.
278 105 339 142 vii
704 107 752 144 T.
785 106 967 145 MACCI
1000 107 1204 145 PLAVTI

277 215 347 253 Cv.
380 216 494 253 ualeo
519 223 557 254 et
584 215 703 255 uenio
732 217 784 255 ad
815 216 935 254 minu'
955 218 1155 256 ualentem
1176 225 1215 256 et
1235 217 1376 256 melius
1397 218 1464 269 qui
1485 220 1613 259 ualeat

1516 286 1608 324 fero.

209 361 250 391 30
271 348 350 384 eru'
371 360 493 394 mem,
516 349 665 386 ocellus
686 355 785 394 tuos,
809 348 859 386 dd
881 356 919 387 te
939 350 1037 388 ferre
1058 362 1122 387 me
1142 350 1241 387 haec
1261 349 1373 388 iussit
1393 350 1464 388 tibi

269 413 377 450 dona
397 426 498 462 quae
519 412 631 451 uides
652 414 739 451 illos
761 414 858 451 serre
878 421 917 451 et
937 414 1007 451 has
1028 413 1206 463 quinque
1225 414 1375 464 argenti
1395 414 1532 453 minas.
1629 420 1698 464 580

488 479 564 516 PH.
596 479 661 528 pol
684 479 762 516 hau
783 478 882 528 perit
903 479 1013 528 quod
1034 478 1145 516 illum
1166 486 1320 516 tantum
1340 493 1443 518 amo.

379 543 450 581 Cv.
484 543 593 580 iussit
614 556 724 581 orare
744 551 787 581 ut
808 544 906 581 haec
925 551 1033 593 grata
1053 544 1219 581 haberes
1240 543 1321 582 tibi.

327 609 400 646 PH.
433 616 541 658 grata
553 616 797 658 acceptaque
817 616 970 646 ecastor
989 609 1130 646 habeo.
1192 608 1284 646 iube
1303 609 1444 648 auferri
1465 610 1578 657 intro,
1597 611 1608 649 i

1445 675 1605 725 Cyame.

209 754 246 786 35
377 741 445 777 As.
479 739 623 788 ecquid
644 739 788 777 auditis
809 740 918 786 haec,
936 752 1038 789 quae
1058 738 1136 777 iam
1153 737 1288 791 (haec)
1304 739 1501 789 imperat?

376 805 447 843 CY.
481 817 575 842 uasa
595 805 689 842 nolo
709 805 886 841 auferant
905 820 912 842 :
943 804 1132 842 desiccari
1153 804 1256 843 iube.
1628 807 1692 851 585

267 872 336 908 As.
369 869 566 920 inpudens
597 876 804 916 mecastor,
827 870 986 919 Cyame,
1018 883 1071 908 es.
1132 870 1203 909 (ΞΥ.
1234 871 1393 920 egone?
1449 872 1517 908 As.
1549 877 1602 909 tu.

1268 936 1339 974 (ΞΥ.
1371 935 1479 973 bona
1499 936 1607 974 fide?

268 1007 362 1039 tune
382 1000 438 1038 ais
460 1013 523 1039 me
544 1000 803 1050 inpudentem
825 1013 920 1047 esse,
937 999 1021 1050 ipsa
1041 1013 1144 1051 quae
1164 1000 1216 1039 sis
1237 1000 1436 1038 stabulum
1457 1000 1607 1051 flagiti?

378 1068 453 1104 PH.
485 1066 560 1122 dic,
583 1066 727 1104 amabo
748 1074 796 1113 te,
816 1065 883 1104 ubi
905 1074 963 1104 est
986 1065 1255 1104 Diniarchus?
1311 1065 1383 1105 Cv.
1414 1065 1539 1106 domi.

205 1151 248 1182 40
378 1133 452 1169 PH.
485 1131 549 1169 dic
570 1132 622 1169 ob
644 1132 742 1169 haec
762 1132 869 1169 dona
890 1131 991 1181 quae
1012 1132 1063 1169 aid
1085 1145 1148 1170 me
1169 1130 1317 1169 miserit

269 1209 331 1234 me
352 1196 462 1234 illum
483 1210 614 1235 amare
642 1198 869 1246 plurumum
891 1196 1071 1235 omnium
1093 1195 1302 1236 hominum
1403 1210 1422 1230 *
1498 1210 1601 1248 ergo,
1627 1208 1695 1246 590

375 1275 588 1311 meumque
609 1263 801 1300 honorem
824 1262 933 1299 illurn
955 1262 1101 1301 habere
1121 1262 1301 1300 omnium
1323 1275 1564 1310 maxumum,

373 1335 491 1377 atque
513 1335 554 1365 ut
575 1328 653 1365 huc
675 1327 807 1365 ueniat
829 1341 1001 1377 opsecra.
1063 1329 1136 1368 Cv.
1167 1328 1282 1367 ilicet.

266 1393 336 1431 sed
357 1392 539 1443 quisnam
561 1392 639 1430 illic
660 1393 819 1430 homost
839 1392 906 1442 qui
934 1392 1042 1443 ipsus
1072 1406 1113 1432 se
1143 1401 1304 1441 comest,
1328 1393 1459 1443 tristis,
1479 1393 1605 1433 oculis

1461 1459 1573 1499 malis
1589 1461 1606 1499 ?

202 1545 244 1576 45
591 1524 724 1562 animo
746 1525 876 1562 hercle
896 1525 1055 1563 homost
1076 1538 1148 1563 suo
1169 1524 1296 1573 miser,

266 1589 443 1640 quisquis
474 1597 542 1628 est.
618 1591 693 1628 PH.
724 1589 883 1640 dignust
913 1598 1117 1628 mecastor.
1191 1604 1364 1641 nequam
1394 1598 1463 1630 est.
1521 1603 1603 1629 non
1624 1602 1688 1640 595

1288 1655 1402 1704 nosti,
1425 1668 1602 1706 opsecro,

307 1761 372 1799 578
396 1759 486 1790 minu
504 1758 570 1790 cod.
706 1760 771 1798 580
797 1759 886 1800 illos]
914 1770 975 1790 nos
1001 1759 1192 1791 Buecheler:
1225 1760 1288 1791 hos
1304 1760 1407 1791 Bothe
1538 1762 1604 1800 582

265 1803 362 1834 iussit
386 1814 484 1833 orare
511 1802 745 1833 Camerarius:
782 1803 832 1833 lus
857 1804 901 1833 sit
927 1814 1072 1843 operare
1097 1803 1164 1834 cod.
1308 1805 1372 1843 583
1396 1809 1604 1845 acceptaque

268 1846 504 1878 Camerarius:
530 1856 656 1885 acaque
681 1846 746 1877 cod.
774 1847 844 1885 (vii.
871 1858 900 1886 p.
927 1850 1002 1886 1033
1074 1848 1204 1878 chiame
1227 1847 1292 1878 cod.
1405 1849 1469 1887 584
1493 1849 1604 1888 heque

265 1896 331 1921 tam
350 1891 414 1922 cod.
431 1903 436 1922 z
463 1901 541 1921 corr.
561 1890 788 1927 Camerarius,
806 1889 872 1921 Leo
920 1891 1004 1921 haec
1019 1890 1133 1921 addsdi
1230 1892 1293 1930 585
1312 1891 1419 1922 Suasa
1432 1891 1497 1923 cod.
1515 1893 1568 1931 (ἔτ’.
1579 1903 1603 1923 e.

266 1935 425 1974 Sgeruusss
445 1934 547 1964 Vasa&
649 1934 741 1964 iubet
765 1934 830 1965 cod.
853 1946 859 1965 :
884 1945 964 1965 corr.
985 1934 1160 1965 Buecheler
1288 1936 1353 1974 586
1378 1935 1482 1966 Immo
1500 1936 1604 1975 pudet

267 1988 319 2008 me
344 1983 457 2009 castor
481 1988 543 2008 cua
570 1978 750 2016 mestegori
776 1983 810 2009 tu
839 1978 868 2008 b.
898 1978 918 2009 s.
945 1977 1032 2008 cod.:
1063 1989 1142 2010 corr.
1171 1977 1308 2017 Aser-ula,
1335 1979 1448 2016 Bothe.
1475 1979 1604 2010 Cuame

267 2023 402 2052 restituit
417 2021 553 2061 Seyffi·rt
642 2021 691 2052 vel
706 2022 818 2052 bonan
953 2022 1014 2060 587
1042 2026 1124 2052 tune
1143 2022 1215 2053 asin
1234 2022 1346 2062 (ansin
1365 2021 1454 2062 PCD)
1474 2024 1602 2062 puden-

267 2070 332 2096 tem
352 2076 405 2096 me
422 2076 499 2096 esse
518 2065 591 2105 ipsa
610 2066 718 2105 (aipsa
736 2065 780 2105 B)
798 2075 884 2105 quae
901 2065 1098 2096 sistabulum
1118 2065 1234 2103 flagitii
1251 2065 1317 2097 cod.
1335 2077 1342 2096 :
1365 2076 1444 2097 corr.
1464 2066 1607 2107 Spengel

255 2110 336 2149 sort.
357 2110 376 2139 i.
401 2119 464 2148 me,
485 2120 587 2148 eapse
610 2109 743 2148 (eapsai
878 2110 942 2148 589
967 2119 1020 2139 me
1037 2108 1183 2152 (modo)
1194 2109 1308 2150 Bergk,
1322 2109 1499 2140 Abraham
1516 2110 1600 2141 stud.

267 2153 376 2184 Plant.
400 2164 475 2191 240.
507 2156 542 2182 ul
566 2154 687 2193 integer
713 2156 895 2183 tetrameter
899 2153 968 2191 fiat
1144 2162 1209 2192 590
1236 2153 1385 2184 omnium
1411 2154 1603 2193 plurumum

267 2196 409 2237 Spengel
440 2198 542 2236 rerem
671 2195 768 2237 ergo]
804 2196 924 2227 merito
961 2196 1100 2237 Ussing:
1141 2197 1197 2226 vix
1224 2195 1489 2238 (humanitatis)
1519 2207 1604 2237 ergo

267 2251 327 2280 591
356 2251 477 2280 meque
495 2241 658 2270 honorem
678 2241 723 2270 illi
742 2240 844 2270 Botltc
954 2249 1017 2279 592
1045 2241 1194 2271 reueniat
1211 2239 1374 2281 Spengcl:
1400 2251 1431 2272 u.
1445 2239 1509 2282 <ad
1528 2240 1604 2282 me>

267 2284 401 2319 Sclzoela
420 2288 456 2314 ut
467 2285 588 2324 integer
604 2287 788 2314 tetrameter
801 2286 867 2314 crct.
878 2283 946 2322 fiat
1033 2284 1175 2314 obsecra
1194 2283 1425 2316 Camerarius:
1449 2284 1603 2315 obsecrat

267 2328 332 2359 cod.
349 2339 355 2357 2
381 2329 561 2358 obsecrare
579 2327 652 2358 Ital.
765 2337 828 2366 594
855 2327 988 2358 humost
1007 2327 1071 2358 cod.
1201 2337 1264 2367 595
1288 2337 1432 2367 nequam
1449 2327 1604 2368 Seyffert:

270 2372 393 2411 nequid
414 2371 477 2402 cod.
501 2372 551 2410 (cs.
568 2370 615 2400 ad
628 2371 707 2410 488)
