1747 2740
208 146 264 185 ΙΙ.
285 146 300 183 i

225 537 265 569 35

224 864 270 896 40

702 145 749 182 T.
781 143 965 182 MACCI
997 144 1205 182 PLAVTI

283 269 415 307 neque
448 257 515 306 pol
548 268 621 294 nos
652 254 746 294 satis
779 254 1006 306 accepimus
1036 268 1169 306 neque
1201 268 1393 306 umquam
1425 256 1509 294 fflla
1537 254 1624 293 sati’
1642 266 1715 300 240

1427 320 1623 373 poposcit-

445 399 539 424 nam
561 386 725 437 quando
745 385 886 425 sterilis
907 393 966 425 est
985 393 1139 425 amator
1157 387 1209 426 ab
1228 386 1343 434 datis,

449 451 480 490 si
501 461 619 503 negat
639 465 681 491 se
701 452 848 491 habere
869 452 979 502 quod
998 453 1078 499 det,
1101 452 1174 491 soli
1194 452 1404 499 credimus,

448 531 523 557 nec
544 517 636 556 satis
656 517 886 568 accipimus,
908 517 992 556 sati'
1013 531 1134 568 quom
1157 519 1267 569 quod
1287 518 1356 558 det
1377 530 1461 557 non
1479 516 1601 556 habet
1619 532 1628 555 :

449 596 605 634 semper
625 584 782 622 datores
802 595 932 622 nouos
953 591 1110 634 oportet
1130 597 1328 635 quaerere,

447 648 515 700 qui
536 649 588 688 de
607 647 828 687 thensauris
848 648 1010 700 integris
1031 650 1172 688 demus
1192 650 1356 689 danunt.
1646 663 1714 700 245

447 716 558 754 uelut
576 714 643 753 hic
663 714 823 765 agrestis
845 722 904 753 est
923 715 1160 754 adulescens
1181 714 1249 766 qui
1266 713 1334 753 hic
1352 714 1489 762 habet,

448 780 557 819 nimi'
577 782 645 831 pol
665 779 840 819 mortalis
860 779 1018 831 lepidus
1037 780 1227 831 nimi’que
1246 779 1386 831 probu'
1406 780 1531 818 dator.
1739 780 1747 833 ξ

396 847 467 886 sed
486 846 519 884 is
540 847 641 884 clam
662 853 814 896 patrem
835 844 955 884 etiam
975 846 1051 884 hac
1069 852 1189 884 nocte
1208 845 1275 883 ina
1293 858 1363 896 per
1381 845 1543 883 hortum
1738 845 1743 880 Ι

395 911 590 950 transiluit
610 912 661 950 ad
681 924 765 950 nos.
824 924 917 950 eum
937 911 1032 949 uolo
1053 910 1279 950 conuenire.
1738 894 1743 941 f

450 978 520 1017 sed
540 984 600 1016 est
619 976 713 1015 huic
732 989 835 1014 unus
857 989 993 1015 seruos
1013 975 1350 1023 uiolentissumus,
1646 989 1719 1026 250

285 1043 354 1095 qui
385 1042 454 1082 ubi
489 1055 690 1093 quamque
719 1049 941 1080 nostrarum
975 1041 1087 1082 uidet
1118 1055 1243 1094 prope
1275 1042 1397 1080 hasce
1422 1040 1535 1080 aedis
1562 1041 1630 1079 ad-

1472 1105 1628 1157 grediri„

285 1175 381 1214 item
401 1181 445 1213 ut
466 1174 516 1212 de
537 1175 736 1212 frumento
756 1185 924 1219 anseres,
948 1174 1120 1212 clamore
1138 1178 1340 1223 apsterret,
1361 1170 1509 1221 abigit3

223 1258 267 1291 45
286 1241 341 1279 ita
361 1248 419 1279 est
439 1239 611 1291 agrestis.
670 1239 739 1277 sed
759 1239 873 1285 fores,
897 1238 1093 1288 quidquid
1113 1246 1172 1277 est
1191 1239 1380 1285 futurum,
1400 1236 1550 1276 feriam.

293 2412 379 2444 abP

287 1305 423 1356 ecquis
442 1304 536 1344 huic
556 1305 721 1343 tutelam
741 1302 883 1342 ianuae
901 1304 1029 1353 gerit?
1056 1303 1192 1354 ecquis
1213 1301 1318 1342 intus
1337 1302 1417 1342 exit
1429 1303 1448 1342 P
1646 1317 1747 1354 254*

519 1468 937 1506 TvavLENTvs
1048 1467 1386 1505 ASTAPHIVM

289 1566 366 1602 TR.
400 1562 501 1613 Quis
521 1562 600 1600 illic
621 1568 679 1600 est
700 1560 767 1611 qui
788 1570 868 1598 tam
889 1567 1073 1611 proterue
1092 1568 1246 1599 nostras
1265 1560 1376 1600 aedis
1394 1559 1564 1600 arietat?

288 1632 357 1669 As.
390 1642 465 1680 ego
503 1641 601 1674 sum,
642 1626 793 1677 respice
831 1627 882 1665 ad
921 1640 996 1665 me.
1075 1627 1151 1664 TR.
1184 1626 1281 1677 quid
1322 1630 1331 1646 ‘
1346 1639 1421 1678 ego
1435 1627 1475 1664 ²?
1522 1624 1632 1679 (As.)

1059 1705 1194 1731 nonne
1217 1695 1226 1712 ‘
1241 1705 1315 1743 ego
1331 1694 1340 1710 '
1360 1692 1501 1731 uideor
1524 1691 1598 1730 tibi
1612 1693 1631 1730 ?

287 1763 365 1801 TR.
398 1760 495 1812 quid
537 1758 609 1798 tibi
655 1759 706 1798 ad
754 1759 874 1796 hasce
921 1758 1097 1797 accessio
1143 1758 1254 1797 aedis
1295 1766 1355 1797 est
1396 1770 1521 1810 prope
1561 1765 1630 1796 aut

1432 1822 1601 1874 pultatio
1613 1824 1632 1861 ?

333 1941 398 1971 240
422 1940 485 1962 nos
501 1940 568 1962 om.
588 1929 622 1961 P
710 1939 868 1969 umquam
881 1938 948 1959 om.
963 1927 997 1959 P
1094 1938 1158 1967 242
1182 1926 1258 1968 det]
1281 1933 1317 1958 et
1337 1927 1372 1959 P
1457 1926 1630 1958 eredimus

288 1986 356 2007 om.
375 1975 408 2006 P
523 1984 586 2013 245
610 1973 692 2013 quin
709 1972 804 2003 PCD:
824 1984 890 2004 om.
910 1972 944 2003 A
1047 1972 1184 2003 demum
1205 1975 1367 2003 occet-unt
1390 1969 1426 2001 A
1445 1970 1512 2011 (vel
1524 1980 1629 2010 ogge-

289 2021 575 2102 ll-ililiriis-patrem
601 2060 837 2092 Etiam—uolo
861 2059 1373 2091 conuenire-uiolentissimus
1497 2060 1564 2096 246
1584 2058 1628 2089 Vi

289 2106 370 2182 ἕξεί)
361 2151 506 2190 agrestis
523 2149 670 2180 rusticus
686 2148 720 2179 A
844 2157 907 2187 247
934 2147 990 2188 pol
1007 2158 1074 2178 om.
1093 2147 1127 2178 A
1253 2147 1354 2178 datus
1366 2145 1421 2177 P:
1443 2150 1574 2177 amm
1591 2145 1625 2176 A

291 2195 418 2234 (contra
433 2194 588 2231 metrum)
681 2193 745 2231 248
769 2196 865 2232 pater
881 2191 914 2222 P
1001 2197 1139 2222 noctem
1159 2191 1194 2223 P
1290 2201 1357 2231 ²⁴⁹
1378 2189 1564 2222 transiliuit
1574 2188 1629 2220 P:

289 2236 456 2268 transitA
478 2238 507 2277 ¹1'.
518 2248 542 2268 e.
555 2236 722 2275 transiit&
747 2246 826 2267 mrr.
840 2235 951 2276 Bergk
1040 2245 1106 2274 250
1128 2235 1183 2266 hic
1199 2234 1234 2266 Ρ
1319 2243 1381 2274 25ι
1398 2234 1505 2265 hasce
1513 2233 1625 2264 ‹mn-A

291 2282 385 2312 aedis
401 2281 464 2312 hac
481 2281 509 2312 si
527 2280 707 2321 adgredias
725 2279 758 2310 P
845 2280 947 2310 hasce
964 2279 1061 2310 aedis
1078 2277 1294 2318 Schoellpost
1309 2277 1480 2309 Merulam
1568 2277 1627 2308 ad-

486 2020 618 2057 246-50
641 2020 801 2056 quattuor
815 2016 914 2048 druch.
927 2017 1124 2057 septenarios
1133 2016 1259 2047 ababa
1272 2014 1318 2053 A,
1333 2013 1630 2051 Velut—rusticus

443 2106 534 2136 habit
554 2105 585 2136 P
599 2106 609 2138 ζ
617 2110 681 2146 pro
696 2104 759 2143 -et)
845 2104 901 2135 hic
917 2109 971 2134 est
987 2104 1192 2135 adulescens
1208 2103 1265 2144 qui
1280 2102 1438 2134 habitant
1453 2102 1534 2143 (pm
1548 2103 1628 2134 dax)

292 2325 427 2365 gredier
442 2324 552 2366 Bergk
678 2332 742 2362 252
758 2327 793 2354 ut
810 2322 869 2364 de]
888 2323 966 2354 uide
983 2322 1017 2353 P
1145 2331 1211 2362 253
1233 2323 1281 2353 ita
1296 2321 1367 2363 est]
1385 2322 1415 2352 is
1431 2321 1511 2352 item
1528 2326 1582 2352 est
1597 2319 1633 2351 P

292 2378 354 2408 257
381 2368 493 2408 respic
509 2367 542 2398 A
661 2377 693 2398 n.
713 2377 744 2397 u.
764 2368 846 2403 (om.
862 2368 941 2405 egoi
959 2366 993 2397 A
1107 2366 1177 2409 [te]
1194 2365 1253 2396 tibi
1267 2363 1304 2396 P
1319 2365 1375 2405 (iv.
1393 2366 1429 2405 3)
1562 2365 1629 2404 258

466 2422 513 2442 ac.
535 2416 586 2442 est
605 2411 699 2441 aedis
717 2420 749 2450 p.
769 2415 826 2440 aut
843 2409 1016 2449 pultatiost
1032 2409 1066 2440 P
