1747 2740
135 140 213 180 111.
235 140 281 178 iii

176 399 215 422 20

177 721 214 752 ²5

178 1052 218 1084 30

179 1443 219 1474 35

181 1775 224 1806 40

642 138 687 177 T.
722 135 904 177 MACCI
937 134 1142 174 PLAVTI

344 263 505 302 possum
537 247 593 302 [a]
625 256 663 287 te
692 247 844 298 exigere
873 248 1111 297 argentum?
1153 252 1370 297 argentum,
1393 242 1567 293 inquam,

1455 308 1570 354 cedo,

343 381 438 432 quin
460 389 501 420 tu
524 380 575 419 mi
596 386 802 430 argentum
824 379 990 418 reddis?
1020 378 1169 417 nihilne
1191 385 1229 416 te
1250 375 1404 428 pudet?

342 449 433 486 leno
454 454 491 485 te
511 453 716 495 argentum
738 443 879 494 poscit,
900 443 1027 483 solida
1048 443 1226 490 seruitus,
1589 453 1656 490 425

341 526 412 563 pro
432 511 636 549 liberanda
655 509 793 556 amica,
817 516 860 546 ut
880 522 1019 547 omnes
1040 508 1213 547 audiant.

342 579 417 616 To.
449 583 546 623 tace,
569 588 735 626 opsecro
755 575 897 613 hercle.
957 588 1007 613 ne
1028 581 1095 612 tua
1115 587 1192 613 uox
1213 572 1343 611 ualide
1364 572 1469 610 ualet
1488 572 1496 609 !

346 644 423 681 Do.
456 642 688 681 referundae
710 654 782 691 ego
803 640 934 679 habeo
955 639 1130 691 linguam
1151 646 1284 678 natam
1305 636 1460 688 gratiae.

343 709 485 747 eodem
508 706 603 745 mihi
625 706 750 757 pretio
772 707 826 744 sal
848 705 1101 756 praehibetur
1116 718 1197 755 quo
1217 703 1298 743 tibi.

343 774 417 813 nisi
439 787 502 812 me
523 774 620 811 haec
641 773 840 818 defendet,
864 785 1083 822 numquam
1105 770 1278 820 delinget
1300 769 1434 807 salem.
1592 781 1663 816 430

343 841 417 878 To.
451 839 528 877 iarn
549 837 687 877 omitte
709 837 829 875 iratus
851 842 946 875 esse.
1007 836 1048 875 id
1069 835 1139 874 tibi
1161 833 1365 874 suscensui

344 905 437 956 quia
457 913 495 943 te
516 904 688 953 negabas
711 903 870 941 credere
892 910 1099 952 argentum
1120 900 1228 939 mihi.

346 972 423 1009 Do.
456 969 598 1007 mirum
619 968 715 1019 quin
736 967 806 1006 tihi
829 981 901 1018 ego
923 967 1135 1013 crederem,
1159 973 1201 1004 ut
1222 965 1328 1004 idem
1350 963 1446 1003 mihi

346 1037 493 1074 faceres
514 1035 622 1085 quod
644 1033 783 1084 partim
806 1033 954 1071 faciunt
973 1031 1180 1083 argentarii
1199 1046 1206 1069 :

347 1101 414 1140 ubi
436 1100 532 1151 quid
554 1098 776 1145 credideris,
802 1098 915 1137 citius
937 1099 1136 1147 extemplo
1158 1094 1216 1149 [a]
1238 1098 1323 1135 foro
1593 1107 1659 1143 435

345 1166 499 1217 fugiunt
519 1179 638 1216 quam
659 1179 705 1203 ex
726 1171 837 1215 porta
858 1163 961 1202 ludis
982 1176 1103 1213 quom
1125 1162 1308 1201 emissust
1329 1163 1450 1212 lepus.

345 1234 419 1270 To.
452 1245 549 1282 cape
588 1232 664 1269 hoc
703 1230 765 1269 sis.
827 1231 904 1268 Do.
937 1229 1033 1279 quin
1068 1229 1168 1267 das?
1224 1230 1298 1266 To.
1332 1226 1484 1265 nummi
1519 1239 1574 1265 se-

1218 1292 1341 1331 scenti
1363 1291 1427 1331 hic
1448 1299 1572 1338 erunt,

347 1362 472 1414 probi,
494 1360 699 1400 numerati.
759 1361 819 1399 fac
841 1360 888 1398 sit
909 1359 1049 1398 mulier
1069 1359 1191 1398 libera

347 1436 465 1479 atquc
487 1430 563 1465 huc
584 1426 774 1465 continuo
794 1427 961 1465 adduce.
1022 1427 1100 1463 Do.
1133 1424 1210 1463 iarn
1231 1426 1319 1463 faxo
1339 1423 1403 1463 hic
1424 1423 1505 1464 erit.

348 1508 428 1532 non
449 1494 580 1532 hercle
600 1492 694 1542 quoi
716 1505 822 1530 nunc
844 1493 920 1530 hoc
942 1492 1034 1529 dem
1057 1492 1317 1541 spectandum
1340 1489 1432 1529 scio.
1593 1497 1664 1530 440

346 1562 420 1598 TO.
454 1561 615 1597 fortasse
637 1557 778 1596 metuis
800 1557 839 1595 in
863 1571 1024 1595 manum
1047 1558 1318 1595 concredere?

349 1627 425 1664 Do.
460 1624 600 1662 mirum
622 1637 744 1674 quom
766 1623 881 1662 citius
903 1623 980 1661 iarn
1004 1637 1027 1661 a
1049 1624 1132 1662 foro
1147 1622 1353 1674 argentarii

347 1692 496 1730 abeunt
517 1703 634 1740 quarn
657 1689 698 1727 in
720 1703 834 1728 cursu
857 1691 984 1728 rotula
1006 1688 1333 1728 circumuortitur.

349 1759 422 1795 To.
455 1756 520 1795 abi
540 1756 636 1795 istac
652 1755 835 1794 trauorsis
855 1755 1070 1806 angiportis
1090 1756 1142 1794 ad
1162 1756 1290 1793 forum
1306 1768 1315 1802 3

349 1823 489 1861 cadem
510 1821 629 1860 istaec
650 1820 768 1860 facito
790 1820 930 1859 mulier
951 1821 1002 1859 ad
1024 1834 1086 1859 me
1107 1827 1279 1859 transeat
1593 1829 1660 1866 445

348 1901 416 1938 per
436 1888 604 1926 hortum.
667 1888 742 1925 Do.
767 1885 844 1924 iam
867 1885 930 1924 hic
951 1887 1040 1924 faxo
1060 1885 1196 1925 aderit.
1255 1886 1329 1924 To.
1361 1893 1401 1924 at
1420 1898 1470 1924 ne
1490 1898 1575 1935 pro-

1248 1949 1252 1953 ’
1431 1951 1571 2001 palam.

350 2021 427 2057 Do.
460 2020 655 2070 sapienter
676 2032 782 2057 sane.
840 2019 914 2057 To.
948 2017 1212 2069 supplicatum
1233 2030 1317 2057 cras
1337 2024 1410 2056 eat.

351 2085 427 2123 Do.
461 2084 513 2123 ita
544 2085 674 2123 hercle
707 2085 946 2123 uero—TO.
985 2084 1080 2122 dum
1120 2091 1208 2131 stas,
1254 2083 1423 2122 reditum
1462 2096 1574 2133 opor-

1487 2155 1570 2186 tuit.

287 2265 350 2294 423
374 2266 393 2286 a
410 2266 475 2285 0111.
490 2254 522 2285 A
540 2255 590 2296 (cs.
606 2255 685 2295 435N
777 2264 839 2294 424
864 2253 1007 2295 nihilne]
1025 2253 1109 2284 nihil
1127 2254 1158 2284 ni
1172 2253 1204 2284 P
1290 2264 1354 2293 430
1378 2253 1459 2284 haec
1473 2262 1525 2284 me
1538 2251 1571 2282 A

244 2310 302 2339 431
331 2300 447 2329 omitto
465 2300 497 2329 Ρ
635 2309 697 2338 432
723 2298 771 2339 tc]
791 2305 824 2338 tu
848 2298 879 2327 A
1022 2308 1085 2337 433
1111 2303 1145 2328 nt
1163 2296 1242 2340 (tn)
1260 2296 1364 2328 Bolln·
1509 2306 1572 2336 435

244 2353 263 2373 a
281 2354 344 2374 0111.
365 2343 397 2372 A
549 2345 614 2382 436
639 2353 739 2381 quom
764 2341 939 2372 cmissusU
967 2343 1108 2381 cinis—<us
1127 2342 1157 2371 .-1
1305 2351 1366 2380 437
1393 2350 1474 2380 sape
1491 2351 1569 2371 (0172

244 2396 327 2425 cape
344 2387 383 2421 P,
403 2390 440 2416 ut
454 2386 516 2417 vid.
652 2396 716 2425 439
741 2385 916 2424 ‘'adldmjei,
942 2385 972 2414 A
1122 2395 1185 2423 442
1210 2385 1327 2415 mirum
1347 2385 1427 2423 quin
1445 2384 1478 2414 A
1500 2386 1574 2426 (pm

243 2430 336 2469 qum)
358 2430 407 2471 (cf
425 2431 548 2469 Journ.
570 2429 652 2460 Phil.
673 2432 725 2466 26,
740 2431 816 2469 289)
952 2430 1082 2467 444-78
1105 2428 1189 2459 dces!
1204 2429 1236 2459 A
