1747 2740
688 131 982 169 POENVLVS
1451 133 1501 168 V>
1527 142 1550 166 υ

168 245 269 282 mala
290 243 354 282 illa
375 242 546 290 bestiast,
571 256 620 281 ne
642 244 740 281 forte
763 256 825 281 me
845 244 993 281 auferat
1015 245 1166 293 pullum
1190 251 1312 282 tuom.

165 311 296 347 ANTE.
330 316 371 346 ut
394 322 549 358 nequeo
577 315 614 346 te
642 308 725 346 sati'
745 308 968 358 complecti,
992 309 1044 346 mi
1066 313 1201 358 pater!
1260 312 1392 347 Ama.
1426 323 1499 359 ego
1525 324 1560 356 15

1270 389 1333 413 me
1355 388 1495 413 moror.

58 449 143 485 1295
164 440 454 489 propemodum
482 439 486 490 l
513 439 589 477 hoc
610 452 804 489 opsonare
825 439 1034 489 prandium
1057 447 1195 489 potero
1217 440 1325 478 mihi.

164 505 234 542 sed
254 503 351 554 quid
374 505 449 542 hoc
471 502 528 542 est
545 505 561 542 ?
590 503 686 553 quid
704 505 791 542 est?
821 503 917 554 quid
934 505 1011 541 hoc
1028 506 1115 542 est?
1145 505 1241 554 quid
1259 518 1331 555 ego
1348 506 1467 544 uideo
1484 509 1500 544 ?

1244 583 1323 619 quo
1346 572 1500 609 modo?

163 633 259 685 quid
280 635 356 672 hoc
373 641 431 672 est
447 633 838 684 conduplicationis?
868 636 969 684 quae
986 635 1084 673 haec
1101 642 1159 673 est
1176 635 1469 685 congeminatio
1484 638 1499 673 ?

161 699 248 750 quis
269 699 332 737 hic
354 701 475 737 homo
496 707 554 738 est
575 712 666 737 cum
688 699 831 737 tunicis
852 699 978 749 longis
1000 700 1110 750 quasi
1132 714 1229 750 puer
1249 701 1498 751 cauponius?

161 765 261 803 satin
283 778 356 815 ego
376 764 500 803 oculis
522 765 674 803 cerno?
712 772 823 803 estne
839 764 952 803 illaec
968 778 1057 803 mea
1072 765 1199 804 amica
1220 767 1497 805 Anterastilis?
1521 781 1559 802 20

53 841 144 874 1300
161 838 199 869 et
219 844 265 869 ea
285 838 343 868 est
365 838 481 868 certo.
543 829 620 867 iam
642 829 794 879 pridem
817 843 890 879 ego
912 844 976 868 me
997 831 1099 869 sensi
1123 831 1233 869 nihili
1255 832 1430 882 pendier.

161 909 241 934 non
263 896 386 945 pudet
407 896 579 945 puellam
601 895 813 945 amplexari
837 895 1025 934 baiiolum
1048 896 1086 934 in
1110 897 1241 935 media
1258 898 1354 936 uia?

159 960 238 999 iam
259 962 390 998 hercle
411 973 484 1010 ego
506 960 626 998 illunc
648 960 956 999 excruciandum
979 969 1104 1000 totum
1128 963 1313 1001 carnufici
1335 963 1452 1001 dabo.

158 1039 252 1064 sane
271 1039 395 1076 genus
416 1026 492 1064 hoc
514 1025 807 1064 mulierosumst
829 1025 972 1064 tunicis
994 1027 1237 1065 demissiciis.

211 1154 281 1191 sed
301 1153 409 1191 adire
429 1159 579 1190 certum
601 1159 659 1190 est
680 1153 783 1190 hanc
803 1152 1031 1191 amatricem
1053 1154 1239 1193 Africam.
1517 1167 1556 1199 25

49 1226 135 1262 1305
211 1219 309 1256 heus
330 1225 383 1265 tu,
406 1217 478 1256 tibi
499 1217 602 1264 dico,
626 1217 944 1267 mulien-ecquid
965 1226 1002 1256 te
1024 1220 1178 1268 pudet?

211 1283 308 1333 quid
329 1283 399 1321 tibi
421 1282 590 1333 negotist
610 1290 743 1320 autem
765 1296 856 1321 cum
879 1282 1007 1321 istac?
1037 1284 1100 1322 dic
1122 1284 1228 1323 mihi.

212 1350 292 1386 HA.
325 1350 572 1394 adulescens,
599 1349 718 1386 salue.
779 1350 913 1386 ANTA.
947 1351 1052 1396 nolo,
1076 1350 1173 1387 nihil
1194 1352 1245 1389 ad
1266 1358 1304 1390 te
1325 1352 1475 1391 attinet.

209 1413 305 1464 quid
326 1414 397 1452 tibi
418 1415 521 1452 hanc
542 1413 666 1463 digito
689 1413 809 1451 tactio
831 1416 921 1452 est?
980 1416 1061 1452 HA.
1086 1415 1177 1465 quia
1198 1416 1295 1454 mihi
1318 1418 1439 1456 lubet.

210 1481 342 1517 ANTA.
375 1479 514 1517 lubet?
572 1480 652 1517 HA.
686 1478 740 1516 ita
760 1478 862 1517 dico.
923 1481 1056 1517 ΛΝΤΑ.
1094 1480 1222 1531 ligula,
1264 1483 1313 1519 in'
1347 1484 1489 1520 malam
1513 1496 1555 1526 30

1304 1560 1458 1586 crucem
1477 1550 1493 1586 ?

47 1623 136 1658 1310
209 1617 303 1648 tune
324 1610 388 1648 hic
409 1619 560 1649 amator
579 1611 702 1649 audes
723 1623 819 1657 esse,
844 1611 971 1649 hallex
992 1610 1074 1657 uiri,

207 1682 274 1713 aut
294 1683 538 1714 contrectare
559 1676 667 1725 quod
690 1688 816 1713 mares
837 1675 1019 1714 homines
1040 1679 1204 1715 amant?

207 1741 394 1790 deglupta
415 1754 567 1788 maena,
591 1740 756 1790 sarrapis
778 1740 1027 1788 sementium,

208 1815 442 1854 manstruca‚
466 1809 659 1858 halagora,
684 1820 851 1857 smnpsa,
876 1815 959 1845 tum
981 1816 1112 1846 autem
1136 1809 1288 1859 plenior

206 1872 257 1909 ali
278 1872 478 1922 ulpicique
499 1886 618 1922 quam
642 1872 814 1911 Romani
836 1872 1015 1924 remiges.
1511 1886 1550 1918 35

44 1946 130 1983 1315
207 1939 282 1976 AG.
315 1952 411 1975 num
433 1938 514 1985 tibi,
537 1939 780 1984 adulescens
807 1940 933 1976 malae
953 1947 1019 1976 aut
1041 1940 1183 1978 dentes
1206 1941 1396 1991 pruriunt,

199 2051 278 2081 1294
305 2042 472 2081 compecti
495 2043 527 2072 A
662 2052 743 2082 1295
768 2042 879 2085 (iam)
898 2044 962 2073 hoc
980 2042 1105 2074 Pradel
1219 2046 1302 2083 1296
1326 2045 1403 2084 quid
1422 2046 1489 2086 est]

151 2086 231 2124 quid
248 2085 310 2116 hoc
328 2086 361 2115 Ρ
453 2088 534 2126 1298
557 2096 657 2126 quom
676 2087 708 2117 P
720 2087 1017 2127 mntiquasornm)
1114 2097 1196 2127 1299
1220 2089 1353 2127 oclulis*
1374 2100 1437 2128 ego
1455 2085 1487 2118 Α

151 2130 352 2160 anterastris
368 2129 401 2159 P
502 2141 585 2169 1300
602 2135 654 2162 cst
673 2130 784 2171 certo]
804 2135 930 2161 esterto
949 2130 982 2160 P
1088 2141 1165 2170 1301
1195 2132 1352 2162 baliolum
1365 2132 1398 2161 Ρ
1414 2134 1447 2174 (1'.
1463 2145 1487 2164 e.

151 2172 325 2209 baiiolum)
449 2183 531 2212 1302
555 2175 610 2205 vix
626 2175 763 2205 hercule
857 2174 948 2204 illum
965 2176 1024 2207 (sla
1038 2175 1147 2213 codd.)
1160 2186 1225 2214 ego
1239 2176 1272 2206 B
1361 2177 1439 2207 dato
1455 2177 1488 2206 A

155 2226 236 2256 1303
261 2218 501 2248 muliebrosum
519 2222 549 2248 st
565 2218 599 2248 Ρ
699 2229 779 2258 1304
806 2219 893 2249 hanc
912 2218 989 2259 [ad]
1008 2218 1038 2248 Ρ
1139 2220 1223 2257 1306
1248 2221 1421 2259 negotium
1439 2226 1489 2250 est

150 2270 200 2291 au.
218 2261 250 2290 A
266 2272 271 2292 :
299 2262 424 2300 negotii
439 2266 551 2292 autem
568 2266 620 2293 est
637 2261 670 2292 Ρ
760 2264 844 2302 1308
861 2262 968 2293 istanc
987 2261 1129 2302 vaades
1225 2273 1307 2303 1309
1333 2264 1442 2303 legula
1459 2264 1493 2294 Ρ

154 2307 245 2340 (corr.
269 2303 360 2346 PCD)
431 2304 475 2334 in’
489 2305 556 2346 (1'.e.
574 2305 682 2346 1511θ)]
699 2305 782 2336 iA¹:
801 2305 857 2336 1111
871 2306 938 2336 Α’-’;
957 2307 989 2336 in
1003 2310 1080 2346 pos!
1091 2311 1172 2347 spat.
1186 2306 1218 2336 Β
1231 2309 1266 2346 (ι’.
1277 2318 1301 2339 e.
1318 2307 1384 2339 HA.
1401 2309 1447 2338 i11’
1462 2308 1486 2339 3)

157 2357 238 2386 1310
262 2346 363 2388 falla25
380 2349 413 2379 A
525 2359 604 2388 1313
631 2354 837 2380 manstructa
855 2349 887 2379 Ρ
974 2350 1133 2389 halagora
1151 2361 1216 2382 om.
1234 2352 1265 2381 A
1361 2361 1487 2392 samcsa

152 2392 282 2432 (psal)
302 2393 334 2421 A
354 2404 360 2423 τ
385 2403 476 2423 sama
494 2392 526 2422 Ρ
658 2403 736 2432 1314
764 2394 900 2433 ulpique
918 2392 950 2423 Ρ
