1747 2740
82 643 152 669 210

80 970 146 1009 215

81 1298 99 1322 ιο

105 1297 123 1322 ιο

126 1299 150 1322 0

81 1891 146 1929 225

653 121 1002 160 TRINVMMVS
1472 119 1502 157 Ι,
1524 119 1553 156 ii

221 234 289 286 qui
310 235 467 274 illorum
489 234 620 274 uerbis
642 233 748 272 falsis
769 241 955 284 acceptor
974 233 1041 280 fui,

220 301 288 352 qui
310 301 445 340 omnia
465 315 508 339 se
528 300 716 339 simulant
736 299 835 338 scire
857 313 987 350 neque
1009 299 1223 350 quicquam
1247 298 1386 336 sciunt.

220 368 330 418 quod
351 366 519 417 quisque
540 366 579 404 in
600 366 736 404 animo
757 366 877 404 habet
897 374 965 404 aut
987 365 1210 404 habiturust
1230 364 1371 412 sciunt,

220 432 350 471 sciunt
372 434 412 471 id
433 434 542 483 quod
564 432 604 471 in
625 446 760 471 aurem
783 446 848 470 rex
869 431 1025 482 reginae
1047 431 1198 478 dixerit,

221 497 351 536 sciunt
372 498 482 548 quod
505 499 609 536 Iuno
630 497 842 536 fabulatast
863 511 953 535 cum
977 499 1101 544 Ioue3

223 577 326 614 quae
347 577 477 614 neque
498 564 628 601 futura
648 577 780 614 neque
802 570 904 610 sunt,
927 570 1060 602 tamen
1083 563 1137 600 illi
1158 562 1300 601 sciunt.

224 630 351 667 falson
371 642 422 666 an
444 641 539 667 uero
560 629 734 677 laudent,
759 630 921 679 culpent
942 641 1062 679 quem
1084 627 1220 675 uelint,

223 708 305 733 non
327 693 441 732 flocci
461 694 620 741 faciunt,
645 695 742 732 dum
763 694 861 732 illud
883 695 992 744 quod
1013 694 1176 732 lubeant
1198 693 1333 732 sciant.

223 773 363 798 omnes
386 760 569 798 mortales
591 760 698 798 hunc
719 759 879 798 aiebant
901 758 1105 798 Calliclem

222 825 431 876 indignum
453 824 612 863 ciuitate
634 826 708 863 hac
731 838 816 863 esse
837 832 875 863 et
897 824 1043 872 uiuere,

224 891 340 931 bonis
361 891 430 942 qui
451 892 558 930 hunc
578 892 877 930 adulescentem
899 891 1106 930 euortisset
1128 890 1218 929 suis.

223 971 297 1008 ego
318 959 368 996 de
390 958 528 997 eorum
550 957 682 996 uerbis
703 957 1021 1008 famigeratorum
1044 957 1216 996 insciens

222 1022 385 1074 prosilui
405 1023 579 1062 amicum
600 1022 835 1073 castigatum
856 1022 1074 1061 innoxium.

221 1090 332 1139 quod
353 1089 384 1127 si
406 1089 631 1139 exquiratur
650 1102 777 1139 usque
798 1089 848 1127 ab
870 1088 990 1139 stirpe
1013 1087 1238 1135 auctoritas,

222 1156 317 1193 und’
338 1154 531 1205 quicquid
550 1155 732 1193 auditum
753 1154 900 1202 dicant,
922 1154 997 1192 nisi
1019 1153 1059 1192 id
1079 1161 1277 1204 appareat,

221 1220 485 1270 famigeratori
506 1234 566 1259 res
587 1220 636 1259 sit
657 1234 747 1259 cum
769 1221 919 1259 damno
940 1229 978 1258 et
1000 1221 1116 1267 malo,

222 1287 300 1324 hoc
321 1285 373 1323 ita
394 1285 425 1324 si
447 1287 524 1332 fiat,
547 1286 797 1336 publicofiat
818 1286 938 1333 bono,

221 1350 337 1400 pauci
358 1350 435 1388 sint
456 1350 573 1389 faxim
596 1351 663 1401 qui
685 1350 810 1389 sciant
831 1352 941 1401 quod
962 1350 1156 1397 nesciunt,

223 1416 567 1466 occlusioremque
589 1417 761 1455 habeant
784 1416 1211 1466 stultiloquentiam.—-

676 1574 913 1623 ACTVS
969 1575 1017 1622 ΙΙ

687 1672 1004 1708 LYSITELES

279 1749 429 1786 Multas
449 1761 509 1786 res
531 1747 664 1786 simitu
686 1747 726 1785 in
748 1761 839 1786 meo
860 1750 980 1787 corde
1002 1761 1130 1795 uorSO,

277 1816 448 1852 multum
470 1813 509 1852 in
527 1814 740 1864 cogitando
761 1815 939 1852 dolorem
963 1814 1180 1864 indipiscor
1199 1829 1206 1853 :

277 1887 434 1929 egomet
456 1892 519 1917 me
540 1892 671 1930 coquo
692 1887 730 1918 et
751 1893 908 1918 macero
929 1888 967 1918 et
988 1880 1175 1930 defetigo,

276 1945 461 1995 magister
482 1945 578 1983 mihi
600 1947 790 1984 exercitor
814 1945 961 1984 animu’
983 1960 1090 1984 nunc
1111 1954 1180 1984 est.

275 2012 345 2050 sed
367 2012 444 2049 hoc
465 2025 546 2049 non
568 2012 691 2062 liquet
712 2025 785 2051 nec
807 2012 898 2050 satis
921 2012 1173 2062 cogitatumst

211 2117 274 2146 208
299 2115 379 2146 item
397 2116 509 2146 sciunt
529 2115 561 2146 id
577 2116 667 2156 quod
685 2115 718 2146 A
739 2118 765 2155 (ἓ
782 2116 823 2147 iv.
844 2116 880 2157 2)
1031 2126 1097 2156 209
1123 2116 1244 2158 [facta]
1263 2122 1340 2147 sunt
1358 2116 1454 2157 Pssiv.
1472 2117 1507 2158 2)

167 2169 225 2189 211
254 2159 367 2190 lubeat
387 2159 420 2190 P
550 2169 612 2198 213
636 2160 697 2190 hac
723 2170 799 2191 esse
826 2165 859 2191 et
893 2160 1120 2191 Tanbmamz:
1154 2161 1217 2191 hac
1244 2166 1335 2192 esset
1355 2160 1405 2191 P:
1431 2161 1509 2191 hae-

168 2204 292 2242 cesciet
310 2203 342 2233 A
364 2214 370 2233 τ
396 2213 434 2233 ac
451 2213 530 2234 sese
550 2203 748 2234 Gulielmius
764 2215 770 2234 :
796 2215 841 2234 cm
860 2206 952 2235 uesci
969 2207 1025 2236 et?
1160 2215 1222 2243 214
1248 2205 1332 2245 suis]
1352 2205 1510 2235 omnibus

168 2247 201 2276 A
337 2257 400 2286 215
426 2248 468 2277 de
486 2247 529 2288 e]
549 2248 687 2278 deorum
706 2247 738 2277 A
832 2248 956 2279 inscius
973 2248 1007 2278 P
1150 2259 1212 2288 217
1238 2249 1458 2288 exequiratur
1473 2249 1506 2278 A

168 2291 318 2330 apstirpe
335 2291 367 2320 P
379 2291 532 2331 tantiqua
549 2291 800 2332 orthographia)
914 2294 978 2323 218
1003 2292 1146 2332 quicque
1160 2292 1335 2323 Acidalius
1445 2302 1509 2331 219

168 2344 204 2364 re
222 2333 256 2364 P
393 2344 453 2365 221
481 2335 564 2375 sint]
583 2336 647 2365 sini
665 2335 698 2366 P
839 2346 901 2375 223
927 2337 1030 2366 corde
1049 2347 1125 2367 meo
1142 2338 1174 2366 A
1315 2347 1377 2375 224
1404 2336 1508 2367 multa

167 2379 200 2409 A
305 2378 490 2419 indispicor
506 2378 539 2410 A
672 2388 735 2418 225
761 2389 869 2420 coquo
894 2380 995 2421 [quo]
1014 2379 1047 2410 P
1177 2382 1240 2412 226
1265 2381 1354 2411 hunc
1372 2379 1405 2411 P

1533 442 1594 476 170

1535 1091 1596 1122 180

1533 1419 1595 1461 185

1535 1670 1588 1707 II.
1612 1670 1626 1707 i

1527 2026 1545 2059 5
