1747 2740
223 139 274 177 II.
298 137 343 176 iv
719 141 764 178 T.
801 140 981 180 MACCI
1014 141 1220 179 PLAVTI

354 259 465 290 estne
487 253 563 290 hoc
584 253 692 302 quod
713 251 814 299 dico,
839 252 1037 291 Stasime?
1094 254 1157 292 ST.
1190 265 1313 303 quom
1333 251 1554 300 considero,

355 316 581 356 meminisse
601 317 740 356 uideor
762 317 853 356 fieri.
915 319 984 356 LE.
1017 317 1115 368 quid
1135 318 1320 356 factumst
1341 330 1389 356 eo
1404 319 1422 355 ?
1655 332 1721 369 405

263 398 281 429 5
354 384 417 421 ST.
450 396 687 429 comessum,
709 391 897 432 expotum
916 397 926 430 3
955 396 1141 422 exussum
1161 397 1168 420 :
1198 383 1348 421 elotum
1368 381 1409 421 in
1429 381 1606 430 balineis,

352 447 534 497 piscator,
557 447 679 498 pistor
699 448 870 498 apstulit‚
894 448 998 495 lanii,
1021 447 1152 498 coqui,

352 512 551 560 holitores,
574 514 813 563 myropolae,
835 526 1010 563 aucupes
1029 529 1036 551 :
1067 514 1189 552 confit
1209 513 1288 552 cito
1304 527 1315 561 ς

352 590 433 616 non
454 578 585 616 hercle
606 578 727 616 minu’
744 578 902 617 diuorse
923 578 1152 617 distrahitur
1171 578 1251 617 cito

353 656 473 693 quam
494 643 526 682 si
547 651 588 682 tu
609 643 758 682 obicias
780 643 955 683 formicis
976 657 1225 694 papauerem.
1652 659 1724 694 410

240 721 280 744 10
353 710 423 746 LE.
457 709 587 747 minus
608 711 738 748 hercle
759 709 799 748 in
819 709 902 748 istis
923 710 1040 748 rebus
1061 717 1302 760 sumptumst
1322 723 1389 749 sex
1409 709 1537 749 minis.

351 775 414 813 ST.
447 773 544 824 quid
565 775 675 825 quod
695 774 840 814 dedisti
861 775 1031 814 scortis?
1088 777 1158 813 LE.
1183 774 1332 814 ibidem
1355 789 1434 814 una
1453 777 1577 815 traho.

350 840 413 878 ST.
447 838 578 892 [quid]
612 842 721 890 quod
753 854 826 891 ego
858 840 1097 880 defrudaui?
1166 842 1236 878 LE.
1273 854 1348 887 em,
1384 840 1505 880 istaec
1536 840 1635 881 ratio

1399 915 1631 946 maxumast.

351 972 415 1010 ST.
447 985 527 1010 non
549 971 619 1009 tibi
644 971 742 1010 illud
762 985 961 1022 apparere,
985 971 1016 1010 si
1037 985 1180 1019 sumas,
1203 978 1359 1022 potest3

349 1035 423 1075 nisi
444 1044 485 1075 tu
507 1036 714 1076 inmortale
735 1050 818 1076 rere
839 1051 923 1076 esse
943 1046 1148 1088 argentum
1170 1037 1252 1076 tibi.
1651 1051 1719 1087 415

237 1116 273 1149 15
350 1103 424 1140 PH.
458 1116 544 1141 sero
565 1111 684 1153 atque
705 1104 834 1150 stulte,
852 1103 950 1153 priu'
972 1104 1081 1153 quod
1102 1110 1262 1141 cautum
1283 1101 1467 1153 oportuit,

348 1175 559 1218 postquam
580 1168 756 1207 comedit
777 1182 870 1215 rem,
894 1176 984 1219 post
1005 1168 1198 1207 rationem
1219 1176 1340 1219 putat.

349 1234 419 1270 LE.
452 1246 705 1283 nequaquam
726 1232 876 1283 argenti
897 1233 996 1272 ratio
1017 1241 1219 1283 comparet
1241 1240 1385 1272 tamen.

347 1299 411 1337 ST.
443 1298 541 1337 ratio
562 1298 725 1349 quidem
746 1301 878 1338 hercle
897 1307 1059 1349 apparet
1080 1314 1086 1337 :
1120 1307 1325 1350 argentum
1358 1299 1509 1351 οἴχεται.

348 1363 473 1402 minas
495 1364 753 1415 quadraginta
772 1364 959 1414 accepisti
980 1379 1003 1403 a
1023 1364 1197 1410 Callicle,
1651 1379 1721 1412 420

233 1442 274 1464 20
346 1437 384 1468 et
404 1429 468 1468 ille
488 1429 597 1469 ae'dis
619 1430 832 1481 mancupio
853 1444 922 1481 aps
943 1439 981 1469 te
1001 1430 1183 1481 accepit?
1240 1432 1312 1468 LE.
1343 1431 1574 1470 admodum.

346 1496 421 1532 PH.
454 1496 520 1545 pol
541 1495 662 1546 opino
682 1496 826 1535 adfinis
847 1504 980 1535 noster
1000 1496 1109 1535 aedis
1130 1495 1313 1535 uendidit
1328 1510 1339 1544 3

345 1567 454 1610 pater
475 1574 597 1610 quom
618 1575 778 1612 peregre
799 1560 942 1609 ueniet,
966 1561 1006 1599 in
1027 1569 1176 1612 portast
1196 1562 1321 1609 locus,

345 1625 421 1664 nisi
441 1627 540 1665 forte
560 1626 599 1664 in
621 1635 800 1666 uentrem
823 1627 904 1666 filio
925 1627 1176 1678 conrepserit.

347 1693 409 1731 ST.
443 1693 650 1743 tarpezitae
672 1693 779 1731 mille
799 1694 1105 1732 drachumarum
1128 1692 1350 1744 Olympico,
1647 1705 1715 1742 425

345 1771 443 1807 quas
463 1759 514 1797 de
534 1758 684 1797 ratione
705 1758 932 1806 dehibuisti,
955 1759 1143 1807 redditae,

345 1837 424 1874 qua
443 1824 658 1874 sponsione
678 1838 878 1875 pronuper
897 1833 939 1863 tu
960 1833 1119 1864 exactus
1140 1826 1213 1863 es?
1643 1823 1734 1868 426⁸

346 1891 416 1928 LE.
450 1891 580 1940 nemp’
615 1904 713 1941 quas
744 1891 953 1941 spopondi.
1032 1893 1095 1930 ST.
1129 1890 1252 1929 immo
1281 1894 1400 1941 ‘quas
1429 1889 1603 1941 dependi
1618 1891 1626 1907 '

1473 1963 1627 2006 lnqulto

345 2023 416 2061 pro
437 2010 502 2048 illo
522 2011 777 2050 adulescente
798 2025 917 2061 quern
940 2018 981 2049 tu
1002 2024 1088 2049 esse
1108 2010 1218 2049 aibas
1239 2009 1415 2050 diuitem.

332 2125 393 2153 404
411 2126 488 2154 qum
508 2115 539 2145 A
634 2117 699 2154 406
716 2115 875 2156 exusum]
894 2121 1032 2146 exutum
1051 2114 1090 2155 P,
1112 2114 1198 2145 unde
1213 2120 1397 2146 exunctum
1425 2113 1627 2146 Gulielmius

288 2169 352 2198 409
375 2169 441 2190 om.
477 2158 508 2188 Ρ
524 2160 582 2197 (iii,
599 2161 652 2190 11‘·
754 2171 819 2199 410
842 2170 884 2190 an
907 2160 932 2189 si
952 2161 1032 2198 (pro
1047 2169 1085 2189 ac
1107 2159 1134 2189 si
1153 2159 1178 2197 ἲ)
1199 2158 1219 2189 s.
1235 2169 1265 2189 0.
1286 2169 1316 2199 p.
1331 2158 1420 2189 codd.
1437 2157 1542 2189 Nonii
1561 2170 1626 2190 220

288 2202 470 2243 (neglegens
483 2204 601 2237 citatio}
739 2214 801 2242 412
827 2213 925 2234 unam
944 2204 976 2232 A
1112 2212 1175 2242 413
1199 2203 1280 2242 quid
1305 2202 1362 2233 del.
1391 2201 1552 2233 Frt'tssche
1570 2203 1621 2243 (ts.

288 2256 317 2277 v.
353 2247 442 2285 4123,
472 2258 552 2277 nam
580 2258 633 2277 nec
662 2248 739 2286 quld
764 2247 854 2286 quod
880 2250 943 2285 ego
968 2257 1023 2275 mr
1045 2257 1109 2286 ego
1133 2245 1310 2277 defrudaui
1339 2245 1443 2287 place!
1561 2256 1626 2286 4¹9

289 2296 431 2330 apparet
456 2291 546 2321 ercle
570 2291 602 2320 A
751 2302 816 2330 420
840 2291 1046 2330 accepistine
1070 2291 1101 2320 A
1129 2291 1183 2330 (iv.
1211 2292 1246 2322 25
1402 2299 1462 2328 421
1490 2300 1521 2320 a.
1538 2296 1560 2321 t.
1579 2301 1622 2322 m.

287 2345 355 2365 acc.
388 2334 419 2364 P
540 2345 602 2373 422
627 2336 746 2373 opinor
776 2334 857 2365 codd
989 2345 1050 2372 424
1077 2333 1227 2364 uenirem
1260 2332 1292 2363 P
1385 2344 1449 2373 425
1476 2343 1516 2364 m.
1538 2335 1568 2365 d.
1599 2339 1622 2365 t.

287 2378 420 2411 Ritsclzl,
437 2379 688 2418 J-lml11111'1·1111.5a
799 2378 1002 2418 olympicum
1016 2377 1106 2408 codd.
1241 2377 1321 2416 426⁸
1328 2381 1473 2417 posl427
1486 2377 1534 2409 P:
1551 2378 1621 2410 scd.

286 2422 411 2452 Re'tschl
485 2428 556 2452 tute
573 2423 602 2452 A
691 2433 753 2461 427
779 2433 844 2461 qua
861 2432 910 2460 sp.
932 2421 963 2452 P
1050 2421 1213 2461 dependit
1231 2421 1336 2460 inquit
1353 2421 1385 2452 P
1465 2423 1528 2460 428
1545 2431 1623 2453 esse
1653 2449 1658 2454 .

283 2467 409 2497 aiicbas
425 2465 458 2495 A
474 2477 480 2496 :
501 2467 615 2496 aiebas
633 2476 707 2496 csse
726 2466 757 2496 Ρ
