1747 2740
210 130 264 168 II.

205 257 268 279 110

203 587 260 618 115

206 983 268 1006 120

205 1308 266 1342 125

206 1635 268 1666 130

211 1963 272 1997 135

285 129 332 167 iv
712 129 759 167 T.
792 128 975 167 MACCI
1006 128 1211 167 PLAVTI

340 244 446 282 solus
468 242 630 293 superfit
650 248 803 292 praeter
823 239 946 279 uitam
969 239 1147 280 relicuos.

341 310 416 346 PH.
449 308 626 358 profecto
647 307 783 346 dotem
805 305 859 343 nil
882 318 1023 344 moror.
1084 307 1154 343 LE.
1187 313 1376 344 certumst
1397 307 1501 345 dare.

339 376 402 412 ST.
436 380 674 418 nostramne,
697 385 775 419 ere,
791 370 850 409 uis
872 370 1065 409 nutricem
1087 385 1189 421 quae
1210 385 1282 410 nos
1303 373 1447 410 educat

337 437 561 476 abalienare
580 450 604 474 a
624 435 770 475 nobis?
799 449 897 474 caue
917 435 969 474 sis
990 435 1138 474 feceris.

339 503 435 554 quid
456 504 620 542 edemus
641 509 798 540 nosmet
820 503 986 552 postea?
1045 503 1115 540 LE.
1148 502 1266 541 etiam
1289 510 1330 541 tu
1351 504 1489 541 taces?

337 569 437 608 tibin
459 567 532 618 ego
553 567 746 606 rationem
768 567 962 606 reddam?
1020 568 1084 605 ST.
1116 568 1233 617 plane
1254 567 1442 618 periimus

338 633 412 672 nisi
434 633 529 684 quid
550 646 624 683 ego
644 632 934 672 comminiscor.
996 632 1139 679 Philto,
1163 640 1202 671 te
1222 634 1326 671 uolo.

340 701 413 738 PH.
448 699 478 737 si
500 698 597 749 quid
618 698 689 746 uis,
713 697 892 737 Stasime.
954 698 1016 737 ST.
1050 699 1128 737 huc
1159 699 1338 737 concede
1361 698 1622 749 aliquantum.

1414 766 1488 803 PH.
1520 763 1620 802 licet.

340 834 403 872 ST.
434 846 579 872 arcano
600 831 671 871 tibi
692 845 766 882 ego
787 833 864 870 hoc
884 831 987 879 dico,
1010 844 1060 869 ne
1081 830 1146 869 ille
1167 844 1213 869 ex
1234 838 1272 870 te
1293 830 1389 870 sciat

339 913 442 938 neue
462 899 560 938 alius
582 898 805 949 quisquam.
865 899 940 935 PH.
972 898 1089 936 crede
1109 897 1296 935 audacter
1317 896 1536 947 quidlubet.

341 967 404 1004 ST.
437 979 505 1016 per
525 965 622 1003 deos
643 971 763 1013 atque
784 962 967 1002 homines
988 962 1091 1008 dico,
1114 976 1165 1001 ne
1185 970 1227 1000 tu
1248 962 1368 1001 illunc
1389 975 1525 1013 agrurn

340 1038 451 1070 tuom
474 1029 559 1068 siris
581 1042 772 1079 umquam
794 1028 877 1067 fieri
898 1041 1029 1079 neque
1049 1027 1157 1079 gnati
1178 1027 1245 1066 tui.

340 1096 376 1135 ei
397 1095 451 1134 rei
471 1102 704 1146 argumenta
724 1093 866 1133 dicam.
929 1095 1003 1131 PH.
1035 1092 1172 1132 audire
1193 1094 1336 1144 edepol
1357 1093 1477 1132 lubet.

341 1163 404 1201 ST.
437 1160 608 1212 primum
629 1159 809 1199 omnium
830 1159 925 1198 olim
947 1166 1045 1198 terra
1067 1171 1190 1209 quom
1211 1158 1488 1209 proscinditur,

341 1227 381 1266 in
403 1227 568 1278 quincto
588 1239 749 1278 quoque
770 1227 881 1264 sulco
902 1225 1123 1264 moriuntur
1143 1225 1278 1264 boues.

342 1295 416 1332 PH.
448 1306 572 1344 apage
590 1295 596 1331 ἕ
654 1293 717 1331 ST.
750 1290 1013 1330 Accheruntis
1034 1291 1179 1329 ostium
1200 1291 1240 1329 in
1262 1299 1434 1331 nostrost
1453 1306 1556 1344 agro.

340 1366 425 1398 tum
446 1358 583 1397 uinum
606 1358 704 1409 priu'
724 1371 845 1408 quam
866 1365 1064 1396 coctumst
1084 1359 1232 1408 pendet
1253 1357 1447 1407 putidum.

341 1426 412 1463 LE.
444 1424 664 1463 consuadet
685 1422 848 1470 homini,
872 1424 1003 1462 credo.
1063 1422 1136 1461 etsi
1156 1424 1345 1462 scelestus
1366 1431 1435 1471 est,

340 1498 381 1529 at
401 1490 455 1528 mi
476 1489 646 1529 infidelis
668 1503 749 1528 non
770 1496 839 1528 est.
900 1490 963 1527 ST.
996 1488 1089 1527 audi
1112 1496 1250 1528 cetera.

341 1555 484 1606 postid‚
507 1554 693 1594 frumenti
714 1568 835 1605 quom
858 1554 951 1593 alibi
974 1554 1112 1593 messis
1134 1563 1366 1603 maxumast,

342 1621 456 1660 tribu’
478 1620 595 1659 tantis
617 1619 671 1658 illi
692 1619 814 1658 minu’
835 1618 1001 1673 re[d]dit
1022 1634 1142 1670 quam
1163 1621 1374 1671 opseueris.

344 1689 418 1725 PH.
451 1700 515 1725 em
535 1685 622 1724 istic
642 1693 797 1737 oportet
819 1685 948 1736 opseri
970 1700 1098 1725 mores
1120 1688 1256 1734 malos,

344 1751 376 1790 si
397 1751 437 1790 in
458 1753 681 1802 opserendo
702 1751 854 1802 possint
876 1750 1071 1791 interfieri.

345 1820 408 1857 ST.
441 1830 571 1867 neque
592 1830 781 1867 umquam
803 1817 1054 1867 quisquamst
1074 1818 1217 1869 quoius
1238 1819 1316 1859 illic
1336 1833 1427 1871 ager
1447 1819 1518 1859 fuit

345 1883 441 1934 quin
462 1896 646 1933 pessume
667 1882 701 1921 ei
723 1896 782 1921 res
803 1883 965 1922 uorterit
985 1899 991 1921 :
1022 1883 1186 1934 quoium
1208 1885 1290 1933 fuit,

345 1948 409 1988 alii
430 1950 649 1987 exsulatum
670 1948 862 1995 abierunt,
885 1948 949 1986 alii
971 1949 1150 1997 emortui,

337 2064 400 2093 510
420 2058 496 2095 pos!
513 2065 541 2084 v.
568 2056 632 2093 506
655 2054 688 2085 Ρ
828 2065 891 2093 512
917 2065 973 2085 erc
992 2057 1042 2086 uis
1062 2056 1227 2087 nutricem
1249 2055 1484 2088 Lindemann:
1519 2058 1627 2090 eleuis

293 2099 423 2130 nutrice
456 2109 512 2128 ere
544 2098 577 2127 P
606 2099 724 2140 gii.4):
751 2108 808 2130 ere
834 2099 885 2129 uis
909 2100 1029 2138 educat
1054 2100 1218 2131 nutricem
1238 2102 1269 2131 A
1300 2106 1375 2141 (pro
1398 2103 1625 2134 educatricem

292 2153 371 2174 corr.
394 2142 557 2172 nutricem
571 2143 594 2182 ἵ)
709 2153 810 2182 quem
829 2142 862 2172 A
1006 2153 1068 2183 515
1093 2144 1154 2175 tibi
1170 2144 1204 2174 P
1313 2154 1398 2184 egon
1417 2145 1463 2180 A.
1481 2147 1538 2176 vix
1554 2151 1629 2177 recte

294 2187 359 2225 516
383 2186 487 2225 philio
516 2185 550 2216 P
689 2197 754 2226 519
776 2186 1032 2226 quisquisquam
1057 2187 1090 2217 A
1238 2198 1298 2227 521
1326 2199 1380 2219 um
1406 2189 1479 2220 fieri
1514 2200 1625 2230 neque

294 2230 386 2269 gnati
413 2229 459 2259 tui
485 2241 584 2269 quam
610 2230 643 2260 A
676 2231 726 2271 (ii.
746 2231 782 2270 4)
938 2241 1000 2269 522
1026 2236 1263 2271 argumentum
1290 2232 1338 2263 P:
1364 2234 1554 2272 argumenti
1574 2232 1624 2264 Α1

293 2283 357 2312 523
381 2283 484 2312 quom
501 2284 566 2304 om.
587 2273 619 2303 A
719 2276 783 2313 526
807 2279 958 2305 coactust
973 2276 1066 2313 (-mst
1079 2276 1103 2315 ζ)
1121 2275 1153 2305 Ρ
1261 2286 1325 2314 529
1349 2286 1414 2316 quo
1431 2275 1464 2306 P
1563 2287 1627 2316 530

296 2316 361 2347 illis
377 2317 409 2346 A
431 2320 503 2357 (pro
520 2317 586 2348 illic
601 2318 626 2350 ’,ἢ
718 2319 801 2348 redit
815 2317 1005 2348 Lambinus
1139 2328 1203 2358 533
1226 2320 1400 2359 quisquam
1418 2330 1498 2360 Xom.
1519 2327 1562 2352 -st
1573 2328 1579 2347 ἰ
1592 2321 1625 2351 A

294 2361 350 2392 ille
376 2360 480 2395 codd..
508 2360 567 2391 sed
588 2364 671 2400 ager
697 2362 756 2392 fuit
781 2361 919 2403 displicc!
1070 2372 1133 2402 535
1157 2363 1271 2393 abiere
1287 2364 1320 2394 A

1644 259 1713 296 510

1645 582 1709 618 515

1645 976 1714 1013 520

1646 1305 1711 1342 525

1647 1631 1716 1669 530

1647 1965 1710 2002 535
