1747 2740
119 419 184 456 150

115 950 177 987 Ι55

110 1529 175 1565 160

711 105 1031 144 PSEVDOLVS
1506 107 1535 144 Ι.
1558 107 1588 143 ii

256 223 376 267 atque
406 216 488 255 heri
518 215 596 255 iarn
626 215 825 255 edixeram
855 216 1041 255 omnibus
1066 218 1336 269 dederamque
1364 231 1429 257 eas
1456 232 1542 269 pro·
1566 230 1601 263 15

1378 284 1540 331 uincias,

258 360 396 385 uerum
414 347 467 385 ita
483 361 555 386 uos
572 347 664 386 estis
681 347 848 398 praediti
863 349 1177 398 †neglegentes†
1195 349 1355 400 ingenio
1371 349 1539 400 inprobi,

258 411 432 450 officium
453 420 631 450 nostrum
653 420 697 450 ut
717 427 789 451 uos
811 414 916 452 malo
937 413 1085 463 cogatis
1106 414 1420 463 commonerier5

256 490 401 527 nempe
416 477 469 515 ita
482 477 645 515 animati
673 477 676 528 l
703 478 785 516 esti'
802 492 873 517 uos
891 493 898 517 :
920 478 1069 516 uinciti’
1082 479 1226 517 duritia
1239 481 1316 518 hoe
1331 488 1451 530 atque
1465 494 1539 519 me.

256 543 332 580 hoc
353 542 405 580 sis
433 542 537 590 uide,
561 550 602 580 ut
623 542 717 581 :ilias
746 556 805 581 res
832 547 977 594 agunt!
1018 545 1095 582 hoc
1121 544 1235 594 agite,
1260 545 1336 583 hoc
1362 545 1540 584 animum

1329 611 1536 656 aduortitc,

254 674 332 711 huc
366 673 554 712 adhibete
583 673 686 712 auris
717 687 819 724 quae
849 688 922 724 ego
953 675 1103 724 loquor,
1134 674 1330 725 plagigera
1364 689 1507 726 genera
1532 676 1536 728 Ι
1561 688 1601 710 20

1317 742 1536 781 hominum.

254 818 472 855 numquam
504 806 646 855 edepol
677 813 853 843 nostrum
883 805 1019 843 durius
1046 813 1199 856 tergum
1226 806 1297 845 erit
1322 820 1440 857 quam
1469 816 1540 846 ter-

1137 872 1272 921 ginum
1294 874 1371 911 hoc
1393 887 1537 912 meum.

253 937 349 987 quid
372 938 507 975 nunc?
548 938 739 975 doletne?
780 950 842 975 em
871 937 925 975 sic
950 938 1077 985 datur,
1099 937 1130 975 si
1151 938 1239 988 quis
1266 952 1376 977 erum
1405 953 1539 979 seruos

1378 1007 1536 1056 spernit.

251 1068 430 1107 adsistite
458 1082 597 1107 omnes
623 1076 760 1107 contra
786 1083 850 1107 me
876 1076 916 1108 et
933 1083 1036 1120 quae
1065 1071 1205 1120 loquor
1231 1071 1429 1109 adum-tite
1459 1072 1539 1110 ani-

1413 1151 1533 1177 mum.

249 1207 291 1238 tu
319 1200 387 1250 qui
412 1213 550 1238 urnam
579 1200 703 1238 habes
723 1213 868 1250 aquam
891 1200 1034 1250 ingere,
1058 1202 1143 1240 face
1170 1203 1332 1251 plenum
1361 1204 1534 1241 ahenum

700 1306 703 1312 ,
1319 1267 1365 1305 sit
1388 1281 1531 1318 coquo,

247 1338 286 1369 te
306 1344 398 1369 cum
419 1331 545 1369 securi
566 1330 758 1369 caudicali
780 1331 966 1382 praeficio
987 1332 1226 1382 prouinciae.
1554 1348 1592 1379 25

248 1398 320 1435 LO.
352 1404 391 1435 at
422 1398 521 1435 haec
550 1405 755 1435 retunsast.
818 1399 888 1435 ΒΑ.
923 1397 1007 1436 sine
1035 1398 1131 1441 siet:
1162 1399 1298 1438 itidem
1321 1413 1392 1438 uos
1419 1398 1532 1452 [quo-

994 1476 1072 1513 que
1093 1462 1202 1516 estis]
1224 1464 1348 1515 plagis
1369 1478 1507 1504 omnes
1526 1480 1532 1504 :

248 1527 415 1578 numqui
437 1527 566 1566 minus
588 1541 635 1566 ea
653 1527 776 1578 gratia
796 1535 929 1566 tamen
951 1529 1130 1567 omnuim
1153 1542 1273 1579 opera
1294 1532 1411 1569 utor?

193 1593 264 1632 tibi
294 1595 371 1633 hoc
401 1593 601 1645 praecipio
631 1601 673 1632 ut
704 1593 853 1632 niteant
884 1595 1014 1632 aedes.
1086 1595 1209 1633 habes
1244 1597 1352 1645 quod
1389 1595 1531 1635 facias:

1130 1673 1307 1710 propera,
1330 1662 1394 1699 abi
1417 1662 1529 1701 intro.

192 1727 234 1764 ni
256 1733 341 1764 esto
362 1725 672 1764 lectisterniator.
733 1727 774 1763 ἀἱ
796 1733 1002 1776 argentum
1024 1725 1157 1772 eluito,
1182 1726 1287 1764 idem
1310 1728 1510 1767 exstruito.

192 1793 302 1839 haec,
325 1805 448 1842 quom
470 1805 544 1841 ego
564 1805 587 1830 a
607 1792 692 1830 foro
713 1800 897 1839 reuortar,
922 1791 1036 1830 facite
1058 1800 1099 1830 ut
1121 1792 1321 1830 offendam
1344 1801 1488 1842 parata,
1549 1806 1592 1837 30

238 1908 300 1938 149
324 1898 548 1938 neglegentes
565 1897 807 1937 vzlvserendum
822 1908 828 1928 :
855 1897 1004 1937 neglem}
1023 1896 1056 1926 A
1150 1897 1305 1936 improbo
1323 1897 1356 1927 Ρ
1468 1908 1530 1937 150

190 1942 277 1974 male
293 1943 327 1972 A
423 1953 481 1982 151
500 1942 580 1981 sort.
603 1940 751 1983 (animi)
768 1942 906 1972 animati
1007 1942 1134 1972 uincite
1147 1940 1181 1971 P
1267 1942 1377 1972 durita
1395 1942 1504 1972 hocA
1519 1955 1529 1974 .-

190 1987 255 2018 hoc
273 1987 396 2018 duritia
414 1997 497 2026 ergo
512 1986 651 2026 P(*e1·go
663 1991 726 2026 pro
737 1990 850 2025 terg-;
876 1986 916 2015 iv.
933 1984 966 2018 Ι)
1105 1994 1165 2024 152
1189 1985 1236 2015 Sis
1253 1986 1333 2016 uide
1348 1990 1382 2016 ut
1396 1986 1508 2017 Loewe
1523 1999 1529 2018 ε

189 2031 268 2062 uide
285 2032 335 2061 sis
350 2035 384 2061 ut
403 2030 452 2060 P:
479 2031 573 2071 uid(e
591 2031 642 2060 utN
661 2029 693 2059 A
712 2041 718 2060 :
744 2040 788 2059 cm
807 2029 903 2060 uides
921 2031 978 2059 ut?
1118 2039 1176 2068 153
1199 2033 1273 2069 post
1292 2040 1351 2068 154
1370 2030 1402 2059 A
1424 2031 1530 2070 [prius

189 2085 255 2106 om.
268 2078 402 2115 propter
414 2073 598 2105 lzomoeotel.
614 2084 622 2112 ;
647 2074 680 2105 ii.
699 2074 736 2112 6)
822 2073 941 2112 loquar
957 2072 990 2102 Ρ
1059 2073 1268 2112 plagigerula
1282 2072 1386 2104 Bothe
1473 2075 1531 2105 vix

189 2119 385 2157 homsmum,
405 2119 474 2149 vers
485 2117 630 2148 similius
649 2116 836 2148 homullfim
936 2126 995 2155 154
1023 2118 1083 2147 etit
1100 2117 1149 2147 vel
1164 2117 1221 2147 efit
1239 2117 1271 2146 A
1355 2116 1527 2156 terginum

188 2163 251 2193 hoc
268 2162 320 2193 P:
348 2163 411 2193 hoc
430 2168 513 2201 terg.
534 2160 622 2193 codd.
641 2160 743 2191 Nonii
757 2171 818 2200 227
835 2172 841 2190 t
868 2161 1036 2199 terginum
1056 2172 1061 2194 1⁴
1070 2171 1135 2191 om.
1157 2161 1237 2190 hoc}
1256 2160 1288 2189 A
1388 2170 1446 2199 155
1471 2163 1527 2201 qui

189 2216 279 2237 nunc
296 2206 330 2236 P
347 2210 422 2248 (pro
438 2206 627 2245 quinnunc)
734 2204 799 2246 sic]
818 2205 846 2235 si
860 2204 892 2233 A
1053 2205 1114 2243 156
1139 2215 1190 2234 me
1210 2209 1243 2233 et
1261 2204 1363 2245 quae]
1384 2216 1527 2245 meoque

188 2249 228 2289 P,
248 2254 285 2280 ut
300 2250 364 2280 vid.
455 2250 574 2288 loquar
589 2248 634 2283 A,
655 2247 713 2278 sed
727 2249 845 2287 loqufir
862 2247 1005 2288 displicct
1129 2257 1186 2286 157
1213 2249 1302 2286 igese
1319 2248 1352 2277 A
1443 2249 1526 2279 ahc-

188 2304 277 2325 mum
292 2294 325 2324 A
417 2303 524 2331 coquo
543 2292 674 2334 (coco)]
695 2292 760 2322 cito
774 2292 807 2322 Ρ
898 2292 1021 2330 158-81
1044 2295 1152 2330 pauca
1169 2292 1326 2332 lrgnntm·
1337 2291 1370 2321 A
1465 2295 1526 2332 158

188 2338 239 2379 te]
266 2349 304 2369 se
327 2337 359 2367 A
478 2347 538 2375 159
560 2347 696 2376 quoque
722 2336 804 2366 estis
827 2335 929 2365 delevi
952 2336 1006 2375 (iv,
1036 2336 1071 2376 2)
1090 2335 1138 2373 (A
1157 2346 1189 2366 11.
1210 2335 1246 2375 l.)
1337 2335 1525 2377 —(plagi)s

187 2382 297 2420 infine
308 2392 421 2412 versus
439 2380 471 2410 A
490 2384 526 2410 ut
542 2379 603 2411 vid.
626 2381 681 2411 ιέί.
696 2391 720 2411 e.
741 2390 860 2410 omnes
880 2379 1003 2418 plagis)
1111 2381 1170 2409 160
1194 2389 1298 2419 opera
1319 2378 1429 2422 (ego)
1450 2386 1526 2411 utor

188 2425 369 2457 I-Iermmm
508 2426 566 2464 163
592 2435 632 2454 eo
650 2423 682 2455 Ρ
770 2428 925 2455 reuortar
936 2422 1083 2455 Rt‘tsclzl:
1109 2429 1266 2455 reuortor
1283 2422 1321 2456 P,
1342 2425 1374 2453 A
1396 2435 1426 2454 n.
1448 2425 1467 2455 l.
