1747 2740
683 140 975 179 POENVLVS
1411 144 1489 181 III.
1510 145 1556 183 iii

160 251 232 290 CO.
264 249 359 301 quin
381 250 511 289 hercle
529 249 708 300 accipere
728 256 769 288 tu
791 262 870 287 non
892 249 1017 288 mauis
1038 263 1157 300 quam
1178 264 1252 301 ego
1272 251 1375 289 dare.

158 317 263 354 ADV.
295 315 391 366 quid
412 314 442 353 si
464 329 677 353 euocemus
699 316 776 353 huc
797 316 898 353 foras
919 317 1229 365 Agorastoclem,

158 387 201 418 ut
221 379 328 431 ipsus
349 379 458 418 testis
478 379 526 417 sit
547 379 621 418 sibi
642 380 925 418 certissumus?
1508 399 1550 432 95

158 446 256 484 heus
277 453 329 492 tu,
353 444 420 495 qui
441 446 565 483 furem
586 452 732 495 captas,
755 446 938 496 egredere
959 445 1079 493 ocius,

69 522 140 557 710
157 517 199 548 ut
220 517 302 549 tute
322 509 518 560 inspectes
536 523 674 548 aurum
697 510 829 548 lenoni
851 511 953 549 dare.

365 622 814 658 AGORASTOCLES
981 623 1276 659 ADVOCATI
1508 624 1555 661 iv

478 686 869 724 COLLvssrscvs
983 687 1161 723 chvs

154 770 229 807 AG.
253 767 362 818 Quid
378 769 467 806 est?
495 767 591 818 quid
608 768 736 815 uoltis,
753 770 900 807 testes?
930 770 1034 806 ADV.
1058 777 1193 819 specta
1208 770 1260 808 ad
1275 770 1487 807 dexteram.

154 836 235 873 tuo'
255 847 390 872 seruos
409 846 548 871 aurum
575 832 579 884 l
606 833 678 883 ipsi
700 833 834 872 lenoni
855 834 975 872 dabit.

156 901 229 939 Co.
261 913 343 949 age,
366 898 502 949 accipe
524 900 601 937 hoc
622 899 697 937 sis:
728 899 816 938 heic
837 907 928 938 sunt
949 900 1143 938 numerati
1162 899 1270 938 aurei

154 963 318 1003 trecenti
339 964 492 1002 nummi
513 963 580 1014 qui
602 972 795 1003 uocantur
816 964 1022 1015 Philippei.

66 1042 132 1080 715
154 1029 247 1068 hinc
268 1042 331 1068 me
351 1042 540 1080 procura3
570 1043 734 1080 propere
755 1031 875 1068 hosce
895 1030 1049 1080 apsumi
1070 1032 1174 1069 uolo.
1512 1047 1529 1078 5

155 1096 225 1133 Lv.
256 1096 399 1145 edepol
420 1094 545 1133 fecisti
566 1094 776 1144 prodigum
798 1108 980 1145 promum
1002 1095 1084 1134 tibi.

151 1173 234 1210 age,
256 1173 392 1198 eamus
413 1160 526 1198 intro.
587 1161 659 1200 Co.
691 1168 730 1199 te
750 1174 903 1211 sequor.
965 1163 1034 1199 Lv.
1066 1174 1152 1211 age,
1172 1175 1254 1212 age,
1277 1163 1448 1209 ambula,

151 1226 207 1265 ibi
227 1239 328 1276 quae
349 1225 494 1263 relicua
514 1225 590 1264 alia
611 1226 886 1265 fabulabimur.

154 1292 224 1331 Co.
258 1292 397 1330 eadem
420 1292 587 1330 narrabo
608 1291 679 1329 tibi
700 1305 760 1330 res
781 1291 1042 1342 Spartiaticas.

65 1369 134 1405 720
153 1358 223 1396 Lv.
260 1356 356 1407 quin
386 1370 550 1407 sequere
579 1370 644 1395 me
672 1358 907 1407 ergo—Co.
947 1358 1080 1397 abduc
1110 1358 1222 1397 intro.
1282 1359 1487 1398 addictum
1510 1375 1549 1396 10

1309 1432 1489 1463 tenes.—

148 1491 224 1527 AG.
257 1488 354 1539 quid
374 1502 481 1527 nunc
502 1488 555 1526 mi
576 1495 756 1526 auctores
778 1488 900 1527 estis?
947 1491 1052 1527 Anv.
1085 1498 1127 1528 ut
1148 1489 1247 1541 frugi
1268 1490 1354 1528 sies.

150 1556 225 1593 AG.
257 1554 354 1604 quid
375 1554 406 1592 si
427 1554 582 1592 animus
604 1567 688 1592 esse
709 1567 790 1592 non
813 1554 933 1592 sinit?
979 1557 1084 1593 ADv.
1118 1563 1204 1594 esto
1224 1564 1266 1594 ut
1287 1555 1388 1594 sinit.

151 1621 225 1658 AG.
258 1619 411 1658 uidistis
432 1621 524 1658 leno
543 1632 666 1669 quom
686 1632 825 1657 aurum
846 1619 1029 1670 accepit?
1075 1622 1180 1658 ADv.
1214 1621 1397 1659 uidimus.

150 1687 225 1724 AG.
258 1698 348 1723 eum
370 1698 442 1723 uos
463 1698 596 1723 meum
617 1697 703 1722 esse
723 1698 879 1723 seruom
901 1685 1036 1723 scitis?
1084 1688 1188 1724 ADv.
1221 1686 1419 1725 sciuimus.

63 1764 129 1801 725
150 1753 225 1790 AG.
258 1765 339 1790 rem
359 1751 551 1789 aduorsus
571 1749 707 1800 populi
728 1763 846 1800 saepe
866 1751 1000 1800 leges?
1048 1753 1151 1789 ADv.
1184 1751 1382 1790 sciuimus.
1506 1769 1543 1801 15

150 1818 224 1855 AG.
257 1830 320 1855 em
342 1816 462 1854 istaec
482 1816 576 1853 uolo
596 1828 688 1865 ergo
708 1829 781 1854 uos
801 1816 1122 1855 commeminisse
1142 1816 1286 1863 onmia,

149 1896 241 1921 mox
260 1884 311 1921 ad
332 1889 551 1932 praetorem
573 1894 693 1932 quom
716 1895 810 1920 usus
831 1881 974 1920 ueniet.
1034 1885 1139 1920 ADv.
1173 1881 1437 1920 meminimus

149 1949 223 1986 Ao.
256 1947 352 1998 quid
374 1947 405 1985 si
426 1946 572 1986 recenti
594 1960 633 1985 re
653 1946 762 1985 aedis
782 1948 964 1997 pultem?
1011 1949 1115 1986 ADV.
1148 1961 1303 1986 censeo.

148 2015 223 2051 Ac.
256 2013 287 2051 si
308 2014 470 2064 pultem,
493 2026 574 2051 non
595 2013 799 2051 recludet?
846 2015 951 2051 ADV.
983 2026 1127 2063 panem
1148 2012 1326 2063 frangito.

194 2120 258 2159 706
281 2118 348 2158 Qui
366 2117 400 2148 Ρ
483 2118 653 2158 posthunc
668 2129 696 2150 v.
716 2121 870 2149 srcuntur
885 2119 917 2148 in
936 2117 969 2148 P
983 2129 1032 2148 vv.
1054 2128 1126 2157 720,
1149 2129 1222 2157 707
1239 2120 1315 2157 708.
1330 2129 1362 2147 ιιι
1377 2118 1410 2148 Α
1429 2128 1478 2149 vv.

151 2174 223 2204 707,
252 2174 316 2202 720
339 2162 420 2201 (om.
447 2162 499 2193 ad.
527 2163 602 2200 te.,)
631 2172 704 2202 730
734 2163 819 2201 708;
851 2162 964 2192 scilicet
987 2162 1111 2192 demur
1119 2162 1202 2192 udae
1226 2173 1289 2191 scm
1291 2172 1358 2191 mre
1381 2172 1481 2192 causa

149 2218 263 2240 versus
278 2218 310 2237 tn
329 2216 481 2247 margme
497 2206 650 2247 adscripta
663 2210 756 2237 etant
891 2207 1018 2245 708—45
1044 2205 1129 2235 deest
1144 2207 1175 2235 4
1326 2215 1387 2244 7ιο
1411 2206 1479 2235 dari

153 2254 177 2289 (-
183 2253 247 2290 rei)
265 2250 399 2289 Bentley
531 2260 593 2289 712
616 2248 750 2292 (iam)
742 2250 806 2290 ipsi
827 2249 983 2290 Geppert:
1002 2250 1083 2288 fini.
1103 2248 1203 2291 (ubi)
1221 2249 1283 2288 ipsi
1388 2249 1479 2279 dabit

151 2285 314 2335 Pylades·
309 2319 315 2325 .
339 2294 440 2324 dabat
457 2292 522 2324 cod.
658 2304 719 2333 713
743 2293 797 2324 hic
814 2293 910 2324 Ital.·
905 2319 910 2324 .
945 2303 982 2323 sc
1000 2294 1029 2324 ic
1046 2293 1111 2325 cod.
1249 2303 1308 2332 714
1335 2292 1477 2332 philippi

151 2339 216 2371 cod.
235 2339 270 2379 (i.
290 2339 325 2378 7)
438 2338 500 2376 718
524 2337 636 2376 ibique
653 2348 676 2369 r.
697 2337 762 2368 cod.
853 2347 917 2376 720
943 2338 994 2377 (qf.
1011 2335 1059 2367 ad
1073 2337 1149 2376 7063Ὶ
1272 2336 1369 2377 ergo]
1390 2337 1478 2366 intro

150 2382 237 2413 codd.
257 2383 289 2412 in
303 2382 411 2422 priore
426 2381 492 2410 Ioco
595 2380 720 2422 abduc]
738 2382 803 2411 duc
822 2391 875 2411 me
893 2392 973 2419 ergo
994 2380 1082 2410 codd.
1103 2380 1175 2411 ibid.
1325 2390 1384 2419 721
1411 2381 1479 2410 sies

148 2426 222 2457 Ital.
242 2438 248 2456 ε
273 2436 352 2466 spes
370 2424 437 2455 cod.
557 2434 619 2463 722
643 2423 732 2467 (ita)
750 2430 785 2455 ut
802 2423 940 2455 lllueller
1060 2435 1120 2463 724
1146 2425 1307 2454 sciuimus
1327 2423 1478 2454 Camera-

150 2471 242 2501 rius:
267 2470 391 2500 scimus
408 2468 473 2499 cod.
610 2478 671 2507 727
696 2479 796 2507 quom
814 2469 854 2498 ad
873 2474 1065 2508 praetorem
1086 2468 1150 2498 cod.
1171 2480 1177 2498 :
1203 2469 1272 2498 tras.
1297 2468 1431 2509 Geppcrt
