1747 2740
163 119 242 157 III.

209 572 248 594 20

206 896 246 927 25

209 1224 249 1256 30

140 1518 246 1556 IV.i

266 118 295 156 ii
685 121 733 157 T.
766 119 948 158 MACCI
981 120 1186 158 PLAVTI

270 231 339 268 As.
373 229 470 280 quid
491 230 530 270 id
551 238 620 278 est,
642 231 820 269 amabo?
854 232 974 269 istaec
995 231 1224 279 ridicularia,

270 294 550 342 cauillationes,
574 294 633 334 uis
654 295 794 346 opinor
814 295 977 334 dicere?
1624 303 1692 349 685

270 361 346 398 TR.
377 359 441 408 ita,
465 367 507 398 ut
527 359 742 411 pauxillum
763 360 892 399 differt
912 374 935 399 a
955 361 1221 401 cauillibus.

271 426 339 464 As.
372 438 536 476 sequere
565 425 668 464 intro
699 423 808 478 [me],
840 426 996 473 amabo,
1029 440 1118 466 mea
1155 429 1348 478 uoluptas.
1405 430 1483 468 Ta.
1516 437 1606 470 tene

1413 496 1491 533 hoc
1510 495 1580 534 tibi
1597 510 1606 534 :

269 556 492 595 rabonem
514 556 671 604 habeto,
695 556 750 595 uti
773 570 930 596 mecum
951 558 1055 595 hanc
1075 566 1234 596 noctem
1255 558 1341 597 sies.

267 623 335 660 As.
369 621 464 673 perii
485 624 491 660 !
525 623 736 661 ‘rabonem
752 624 790 661 ²?
819 623 939 673 quam
961 637 1047 661 esse
1067 623 1198 662 dicam
1219 624 1322 662 hanc
1342 623 1499 663 beluam
1516 627 1533 664 ?

266 687 361 737 quin
383 695 425 726 tu
449 688 730 727 ‘arrabonem’
752 688 884 727 dicis?
939 690 1016 727 TR.
1052 691 1100 727 ‘a
1115 690 1123 706 ²
1143 688 1246 728 facio
1265 689 1373 737 lucri,
1623 694 1693 738 690

267 760 310 791 ut
331 752 594 792 Praenestinis
619 755 786 792 ‘conea'
807 761 866 793 est
886 753 1050 792 ciconia.

268 819 335 856 As.
369 831 543 869 sequere,
563 832 740 869 opsecro.
800 821 876 857 TR.
909 820 1137 858 Strabacem
1159 819 1224 858 hic
1245 819 1424 871 opperiar
1444 822 1577 867 modo,

267 884 299 921 si
319 896 406 922 rure
426 883 569 922 ueniat.
631 885 699 922 As.
732 883 763 922 is
784 883 947 934 quidem
967 886 1074 935 apud
1095 898 1168 923 nos
1190 882 1282 938 [est]
1304 885 1368 923 hic
1389 885 1566 933 Strabax,

269 949 391 987 modo
411 950 498 987 rure
519 948 638 987 uenit.
697 951 775 987 TR.
807 949 957 999 priu'ne
977 963 1097 1000 quam
1117 951 1169 988 ad
1190 958 1354 989 matrem
1376 952 1520 990 suam?

268 1027 317 1052 eu
338 1015 481 1064 edepol
502 1014 707 1054 hominem
728 1014 839 1053 nihili
857 1017 863 1052 ἔ
922 1017 990 1053 As.
1009 1014 1140 1054 iamne
1159 1022 1292 1054 autem
1314 1023 1356 1053 ut
1376 1016 1512 1054 soles?
1623 1019 1690 1064 695

266 1081 344 1118 TR.
376 1079 661 1119 iamne—nihil
682 1080 784 1119 dico.
844 1082 914 1118 As.
946 1081 958 1118 i
978 1080 1091 1128 intro,
1109 1081 1265 1128 amabo,
1288 1081 1390 1120 cedo
1410 1094 1584 1120 manum.

267 1146 343 1183 TR.
376 1153 477 1184 tene.
538 1145 578 1183 in
600 1146 804 1184 tabernam
826 1147 951 1184 ducor
970 1145 1253 1194 deuorsoriam,

266 1210 335 1249 ubi
356 1212 458 1249 male
478 1210 648 1261 accipiar
668 1224 756 1250 mea
778 1211 873 1249 mihi
895 1211 1133 1261 pecunia„—

760 1407 996 1456 ACTVS
1049 1407 1122 1455 IV

755 1517 1123 1554 DerAchvs

266 1609 407 1658 Neque
427 1616 584 1659 gnatust
606 1622 736 1658 neque
758 1608 1009 1659 progignetur
1031 1621 1160 1659 neque
1181 1616 1311 1659 potest
1331 1608 1532 1659 reperirier

263 1676 358 1725 quoi
379 1688 452 1725 ego
472 1688 578 1713 nunc
598 1673 700 1726 (aut)
723 1674 873 1713 dictum
894 1682 961 1713 aut
982 1676 1129 1713 factum
1155 1675 1296 1714 melius
1315 1688 1436 1725 quam
1456 1675 1602 1714 Veneri
1622 1689 1692 1724 700

1469 1740 1598 1780 uelim.

263 1804 305 1844 di
326 1805 468 1856 magni,
492 1813 533 1843 ut
553 1818 626 1856 ego
646 1803 783 1858 (laete)
801 1806 926 1844 laetus
947 1818 1033 1843 sum
1055 1813 1093 1844 et
1113 1805 1259 1844 laetitia
1279 1805 1436 1845 differor
1454 1809 1462 1844 Ξ

263 1870 316 1908 ita
336 1871 387 1909 ad
408 1884 471 1909 me
493 1884 634 1921 magna
655 1870 851 1909 nuntiauit
873 1871 1047 1920 Cyamus
1068 1871 1188 1910 hodie
1207 1871 1373 1922 gaudia:

307 1976 370 2012 684
394 1971 475 2016 (tu)
506 1974 612 2005 istaec
630 1974 670 2014 (ἒ)
702 1975 769 2007 Leo
915 1975 979 2014 685
1003 1973 1053 2006 vel
1066 1975 1169 2014 opino
1328 1975 1394 2006 686
1419 1974 1514 2006 Istud
1535 1975 1602 2008 Leo

264 2019 308 2049 ita
326 2023 360 2049 ut
373 2017 557 2058 pauxillum
575 2018 732 2050 differant
749 2030 769 2050 a
786 2018 936 2050 caulibus
950 2022 1027 2059 post
1043 2018 1125 2049 alios
1139 2017 1265 2049 Goeller
1385 2019 1449 2058 687
1474 2030 1527 2050 me
1538 2019 1596 2051 del.

263 2063 366 2093 Bothe
455 2061 626 2101 uoluptast
653 2063 808 2104 (uolupta
837 2063 864 2094 si
892 2061 939 2101 B)
965 2061 1031 2092 cod.
1134 2062 1197 2093 hoc
1223 2061 1282 2094 del.
1302 2061 1405 2094 Bothe
1534 2064 1601 2095 688

263 2106 387 2137 habeto
404 2104 511 2148 (hoc)
528 2105 634 2147 Bergk
701 2117 830 2138 mecum
847 2110 922 2137 ante
938 2110 973 2136 ut
992 2106 1050 2144 (ita
1067 2105 1151 2143 cod.)
1171 2105 1385 2138 Camerarius
1453 2116 1492 2138 ac
1507 2108 1541 2147 (a
1553 2107 1600 2147 B)

262 2154 363 2180 nocte
379 2149 448 2181 cod.
467 2161 474 2180 :
498 2161 578 2180 corr.
600 2149 814 2180 Camcrmws
945 2150 1011 2188 689
1035 2149 1169 2180 uclbam
1190 2148 1258 2181 cod.
1388 2151 1454 2190 690
1477 2150 1599 2182 dicista

263 2193 349 2224 sacto
365 2192 431 2224 cod.
449 2204 455 2223 τ
485 2203 563 2224 corr.
585 2193 724 2230 ΛῙενιιΙα,
742 2192 932 2223 Lambinus
948 2194 1000 2233 (·t
1023 2192 1258 2224 Tmculrntmn
1275 2192 1475 2224 fndimvemt
1494 2198 1532 2224 u!
1547 2204 1598 2225 vv.

262 2238 338 2277 680,
353 2239 415 2276 687
430 2239 437 2254 ’
456 2237 534 2267 Leo&
649 2239 713 2275 693
738 2237 765 2267 si
783 2237 855 2268 Ital.
875 2248 881 2267 :
907 2246 944 2266 se
960 2236 1026 2267 cod.
1045 2238 1122 2277 <pro
1138 2236 1187 2267 sei
1200 2238 1226 2274 3)
1308 2237 1424 2268 ueniet
1440 2236 1473 2267 B
1552 2248 1598 2268 an

263 2281 349 2311 hicst
364 2283 372 2312 3
452 2281 506 2310 hic
523 2281 611 2319 apud
632 2291 694 2311 nos
711 2286 762 2311 est
780 2280 908 2312 δάιοι-ΙΙ
1007 2282 1070 2319 694
1097 2291 1174 2310 rure
1187 2278 1297 2322 (huc)
1311 2282 1351 2319 (ἒ)
1368 2279 1433 2310 Leo
1532 2282 1597 2320 695

263 2324 375 2355 iamne
391 2323 563 2355 Aadalius
579 2336 584 2354 :
611 2335 697 2354 anne
714 2323 780 2355 cod.
886 2324 952 2362 696
977 2324 983 2353 i
1004 2325 1093 2354 intro
1110 2323 1186 2354 Ital.
1206 2335 1213 2354 ε
1236 2323 1337 2355 lintro
1353 2323 1419 2354 cod.
1531 2326 1596 2364 697

263 2369 367 2399 ducor
383 2368 457 2398 Ital.
476 2380 482 2398 :
507 2368 606 2398 dulor
621 2367 688 2398 cod.
790 2369 856 2406 699
880 2372 978 2407 potes
1001 2366 1067 2398 cod.
1161 2377 1225 2407 700
1247 2367 1297 2398 vel
1316 2368 1408 2407 quoii
1471 2367 1596 2398 dictum

262 2422 351 2443 nunc
371 2412 507 2442 Gm'ctus
596 2416 653 2442 aut
677 2410 753 2442 add.
774 2411 878 2442 Bothe
898 2411 963 2450 xvii.
982 2416 1016 2451 55
1107 2410 1232 2442 Veneri
1249 2410 1462 2441 Camerarius
1479 2423 1485 2441 :
1509 2411 1595 2442 bene

263 2466 333 2487 rem
349 2456 414 2488 cod.
430 2467 435 2486 :
461 2453 602 2497 (meae)
618 2455 656 2486 V.
672 2454 809 2487 Mueller
919 2464 976 2494 701
1005 2454 1075 2485 diui
1091 2455 1197 2486 Bothe
1254 2455 1342 2486 laete
1361 2454 1437 2486 add.
1454 2454 1600 2496 Spengel
