1747 2740
144 133 216 172 IV.
236 135 282 171 iv
662 135 707 173 T.
742 135 923 175 MACCI
956 134 1162 175 PLAVTI

238 244 291 283 ita
312 253 354 284 ut
374 246 510 297 occepi
533 246 675 294 dicere,
700 246 808 285 illum
831 260 950 297 quem
972 248 1127 286 dudum
1146 246 1187 299 <e
1207 249 1301 286 sano
1321 245 1443 300 foras>
1604 249 1690 296 1065

237 312 423 350 lenonem
446 312 652 359 extrusisti,
675 311 739 351 hic
760 311 858 351 eiius
879 312 1061 352 uidulum
1082 313 1264 352 eccillum
1284 311 1438 365 (tenet).

240 378 318 416 GR.
351 391 430 416 non
462 378 601 416 habeo.
661 379 736 416 ΤΗ.
770 391 890 428 negas
920 380 1029 429 quod
1059 378 1185 417 oculis
1215 378 1365 417 uideo?
1431 380 1508 417 GR.
1541 386 1582 417 at

1218 457 1268 482 ne
1288 442 1425 482 uideas
1446 442 1578 481 uelim.

240 507 384 555 habeo,
405 521 485 546 non
507 508 660 548 habeo:
691 507 787 559 quid
808 515 850 547 tu
871 522 935 547 me
956 522 1069 547 curas
1091 508 1188 559 quid
1209 522 1338 547 rerum
1359 510 1522 559 geram?

181 586 219 618 25
240 573 316 610 TR.
349 585 429 622 quo
451 573 572 611 modo'
594 574 752 620 habeas,
776 572 816 612 id
837 575 966 621 refert,
986 573 1121 612 iurene
1141 587 1246 612 anne
1266 573 1417 612 iniuria.

241 639 317 676 GR.
359 637 399 675 ni
431 637 549 676 istum
588 638 687 689 cepi,
724 640 831 677 nulla
865 652 1004 677 caussa
1042 646 1101 678 est
1141 638 1236 689 quin
1276 652 1340 677 me
1374 639 1580 678 condones
1602 647 1694 682 1070

1450 704 1555 743 cruci
1571 719 1582 753 3

239 767 271 806 si
293 767 332 806 in
354 767 449 806 mari
471 767 566 807 retia
587 768 790 819 prehendi,
813 769 881 820 qui
903 776 1013 808 tuom
1035 769 1184 820 potiust
1204 783 1324 821 quam
1346 770 1510 808 meum?

239 835 316 872 TR.
349 834 471 873 uerba
491 835 568 873 dat.
629 836 705 873 hoc
731 835 852 874 modo
874 848 933 874 res
960 843 1070 886 gesta
1090 843 1149 874 est
1169 843 1212 873 ut
1239 849 1312 886 ego
1336 835 1442 874 dico.
1502 836 1580 873 GR.

1317 899 1413 951 quid
1434 906 1477 938 tu
1496 899 1552 938 ais
1565 901 1583 937 ?

240 967 316 1004 TR.
349 967 458 1016 quod
479 964 684 1016 primarius
705 965 764 1004 uir
784 965 913 1005 dicat:
944 965 1163 1017 comprime
1184 967 1291 1004 hunc
1312 965 1375 1013 sis,
1400 964 1430 1004 si
1452 972 1569 1003 tuost.

180 1044 220 1076 30
241 1032 317 1070 GR.
348 1030 474 1081 quid?
504 1039 545 1069 tu
566 1031 672 1070 idem
694 1030 790 1069 mihi
812 1030 871 1069 uis
893 1030 975 1070 fieri
997 1032 1106 1082 quod
1127 1045 1215 1070 erus
1236 1030 1444 1070 consueuit
1464 1030 1534 1070 tibi
1548 1032 1566 1069 ?

239 1095 270 1135 si
292 1096 356 1135 ille
378 1104 415 1135 te
436 1096 696 1147 comprimere
717 1096 882 1143 solitust,
907 1096 971 1136 hic
993 1105 1126 1136 noster
1146 1110 1219 1135 nos
1241 1110 1322 1135 non
1343 1098 1453 1135 solet.
1603 1104 1693 1141 1075

242 1164 318 1201 DA.
348 1162 472 1201 uerbo
493 1162 560 1201 illo
581 1164 703 1202 modo
725 1163 789 1202 ille
811 1162 916 1201 uicit.
963 1162 1061 1213 quid
1082 1177 1189 1201 nunc
1210 1170 1251 1201 tu
1273 1162 1363 1201 uis?
1391 1162 1456 1202 die
1472 1162 1581 1201 mihi.

239 1230 318 1267 TR.
348 1227 536 1279 equidem
558 1242 631 1279 ego
659 1242 789 1280 neque
811 1236 962 1280 partem
990 1242 1113 1279 posco
1141 1228 1237 1267 mihi
1265 1228 1380 1267 istinc
1407 1230 1458 1268 de
1485 1228 1585 1268 istoc

1445 1294 1584 1334 uidulo

240 1373 371 1410 neque
411 1373 544 1399 meum
584 1373 670 1399 esse
716 1359 836 1400 hodie
875 1373 1066 1411 umquam
1105 1359 1186 1399 dixi
1201 1374 1211 1408 ,-
1259 1360 1329 1399 sed
1375 1358 1437 1398 isti
1483 1359 1585 1399 inest

1391 1424 1585 1464 cistellula

181 1503 221 1536 35
242 1491 372 1530 huiius
395 1490 576 1538 mulieris,
601 1505 719 1542 quam
742 1492 894 1531 dudum
917 1491 996 1530 dixi
1018 1491 1137 1530 fuisse
1157 1490 1333 1530 liberam.

244 1559 321 1596 DA.
354 1559 484 1608 nemp’
506 1565 547 1596 tu
568 1558 671 1596 hanc
692 1556 792 1596 dicis
817 1571 937 1607 quam
965 1570 1051 1595 esse
1078 1556 1211 1596 aiebas
1241 1557 1395 1596 dudum
1423 1557 1584 1607 popula-
1607 1557 1696 1592 1080

1320 1635 1402 1660 rem
1423 1635 1552 1660 meam
1567 1623 1584 1660 ?

241 1690 319 1727 TR.
350 1689 569 1727 admodum
586 1703 596 1735 3
625 1695 663 1727 et
683 1701 730 1727 ea
751 1701 853 1738 quae
874 1688 968 1726 olim
991 1701 1112 1739 parua
1131 1687 1300 1738 gestauit
1322 1686 1539 1738 crepundia

242 1753 328 1792 istic
349 1753 388 1792 in
411 1754 483 1792 ista
503 1753 644 1793 cistula
664 1753 809 1801 insunt,
833 1767 935 1804 quae
956 1754 1043 1792 istic
1065 1753 1166 1793 inest
1187 1753 1226 1791 in
1248 1752 1397 1792 uidulo.

243 1822 319 1859 hoc
340 1834 470 1870 neque
492 1820 552 1859 isti
574 1828 684 1859 usust
706 1828 744 1860 et
764 1820 819 1859 illi
840 1820 1005 1859 miserae
1027 1819 1228 1870 suppetias
1250 1821 1356 1866 feret,

181 1899 224 1931 40
244 1886 274 1925 si
296 1886 336 1925 id
357 1885 509 1925 dederit
531 1885 598 1936 qui
619 1900 711 1925 suos
733 1894 914 1937 parentes
935 1893 1108 1936 quaerat.
1170 1887 1246 1924 DA.
1275 1884 1415 1924 faciam
1440 1892 1483 1923 ut
1502 1885 1581 1924 det.

1484 1957 1581 1988 tace.

244 2019 321 2057 GR.
355 2016 451 2055 nihil
485 2018 616 2056 hercle
638 2030 711 2067 ego
732 2029 819 2055 sum
842 2015 904 2055 isti
926 2017 1098 2055 daturus.
1159 2017 1236 2054 ΤΚ.
1270 2014 1367 2053 nihil
1387 2022 1481 2065 peto
1509 2013 1583 2052 nisi
1607 2018 1692 2062 1085

1401 2080 1582 2119 cistulam

242 2157 280 2189 et
318 2148 544 2200 crepundia.
625 2149 701 2186 GR.
740 2148 836 2198 quid
871 2147 901 2186 si
942 2161 987 2187 ea
1027 2155 1117 2187 sunt
1156 2148 1302 2186 aurea?
1376 2147 1454 2184 ΤΚ.
1486 2145 1582 2195 quid

1366 2211 1465 2249 istuc
1486 2211 1582 2249 tua?

290 2321 370 2354 1063
393 2319 539 2359 sqfines
553 2318 700 2349 mutilati
711 2318 744 2348 in
759 2317 821 2348 cod.
918 2319 1000 2357 1065
1023 2329 1041 2348 e
1060 2318 1138 2348 sano
1156 2317 1245 2348 foras
1257 2316 1362 2356 suppl.
1378 2314 1576 2349 Lambinus.

241 2361 369 2394 Sclwrll
481 2364 564 2393 1066
587 2368 679 2393 tenet
697 2362 801 2402 suppl.
826 2361 961 2392 Gm‘ctns
1085 2363 1168 2400 1069
1192 2361 1240 2402 id]
1267 2360 1348 2391 illud
1368 2359 1581 2389 sumt-ratius

249 2418 322 2445 1071
354 2407 414 2437 reti
433 2406 644 2446 apprehendi
659 2406 751 2436 lma:
770 2406 831 2436 reti
850 2407 1014 2446 prehendi
1030 2406 1099 2437 cdd.
1120 2407 1171 2445 (cf.
1194 2404 1280 2436 adv.
1300 2405 1381 2443 90οῇ-
1500 2411 1580 2440 1075

244 2452 364 2481 solitus
380 2450 446 2482 cod.
607 2452 688 2480 1082
712 2450 761 2480 vr!
778 2450 833 2480 Isti
924 2451 973 2481 vrl
988 2451 1071 2481 istac
1161 2449 1211 2480 vel
1226 2449 1279 2480 isti
