<?xml version="1.0" encoding="UTF-8"?>
<!DOCTYPE html PUBLIC "-//W3C//DTD XHTML 1.0 Transitional//EN"
    "http://www.w3.org/TR/xhtml1/DTD/xhtml1-transitional.dtd">
<html xmlns="http://www.w3.org/1999/xhtml" xml:lang="en" lang="en">
 <head>
  <title>
</title>
<meta http-equiv="Content-Type" content="text/html;charset=utf-8" />
  <meta name='ocr-system' content='tesseract 3.04.00' />
  <meta name='ocr-capabilities' content='ocr_page ocr_carea ocr_par ocr_line ocrx_word'/>
</head>
<body>
  <div class='ocr_page' id='page_1' title='image "./comoediaerecogno02plau_0085.png"; bbox 0 0 1747 2740; ppageno 0'>
   <div class='ocr_carea' id='block_1_1' title="bbox 536 161 1531 201">
    <p class='ocr_par' dir='ltr' id='par_1_1' title="bbox 536 161 1531 201">
     <span class='ocr_line' id='line_1_1' title="bbox 536 161 1531 201; baseline -0.002 -1"><span class='ocrx_word' id='word_1_1' title='bbox 536 162 708 201; x_wconf 89' lang='lat' dir='ltr'>MILES</span> <span class='ocrx_word' id='word_1_2' title='bbox 740 161 1054 201; x_wconf 88' lang='lat' dir='ltr'>GLORIOSVS</span> <span class='ocrx_word' id='word_1_3' title='bbox 1396 162 1464 200; x_wconf 89' lang='lat' dir='ltr'>IV.</span> <span class='ocrx_word' id='word_1_4' title='bbox 1485 162 1531 199; x_wconf 84' lang='lat' dir='ltr'>iv</span> 
     </span>
    </p>
   </div>
   <div class='ocr_carea' id='block_1_2' title="bbox 130 269 1395 322">
    <p class='ocr_par' dir='ltr' id='par_1_2' title="bbox 130 269 1395 322">
     <span class='ocr_line' id='line_1_2' title="bbox 130 269 1395 322; baseline -0.001 -11"><span class='ocrx_word' id='word_1_5' title='bbox 130 269 205 310; x_wconf 87' lang='lat' dir='ltr'>nisi</span> <span class='ocrx_word' id='word_1_6' title='bbox 225 280 296 320; x_wconf 85' lang='lat' dir='ltr'>eat,</span> <span class='ocrx_word' id='word_1_7' title='bbox 320 279 358 311; x_wconf 89' lang='lat' dir='ltr'>te</span> <span class='ocrx_word' id='word_1_8' title='bbox 378 273 598 311; x_wconf 88' lang='lat' dir='ltr'>soluturum</span> <span class='ocrx_word' id='word_1_9' title='bbox 621 286 707 311; x_wconf 87' lang='lat' dir='ltr'>esse</span> <span class='ocrx_word' id='word_1_10' title='bbox 728 271 863 310; x_wconf 87' lang='lat' dir='ltr'>nauirn</span> <span class='ocrx_word' id='word_1_11' title='bbox 881 287 888 310; x_wconf 74' lang='grc' dir='ltr'>ε</span> <span class='ocrx_word' id='word_1_12' title='bbox 920 279 1086 311; x_wconf 86' lang='lat' dir='ltr'>uentum</span> <span class='ocrx_word' id='word_1_13' title='bbox 1107 285 1270 322; x_wconf 78' lang='lat' dir='ltr'>operam</span> <span class='ocrx_word' id='word_1_14' title='bbox 1291 272 1395 310; x_wconf 86' lang='lat' dir='ltr'>dare.</span> 
     </span>
    </p>
   </div>
   <div class='ocr_carea' id='block_1_3' title="bbox 129 336 1467 440">
    <p class='ocr_par' dir='ltr' id='par_1_3' title="bbox 129 336 1467 440">
     <span class='ocr_line' id='line_1_3' title="bbox 129 336 1465 388; baseline 0 -13"><span class='ocrx_word' id='word_1_15' title='bbox 129 338 197 375; x_wconf 89' lang='lat' dir='ltr'>PL.</span> <span class='ocrx_word' id='word_1_16' title='bbox 230 337 313 376; x_wconf 90' lang='lat' dir='ltr'>sati&#39;</span> <span class='ocrx_word' id='word_1_17' title='bbox 342 339 471 388; x_wconf 90' lang='lat' dir='ltr'>placet</span> <span class='ocrx_word' id='word_1_18' title='bbox 509 337 671 388; x_wconf 86' lang='lat' dir='ltr'>pictura.</span> <span class='ocrx_word' id='word_1_19' title='bbox 732 351 860 388; x_wconf 80' lang='lat' dir='ltr'><strong>perge.</strong></span> <span class='ocrx_word' id='word_1_20' title='bbox 916 338 986 375; x_wconf 84' lang='grc' dir='ltr'>ΡΑ.</span> <span class='ocrx_word' id='word_1_21' title='bbox 1018 336 1083 375; x_wconf 86' lang='lat' dir='ltr'>ille</span> <span class='ocrx_word' id='word_1_22' title='bbox 1121 338 1321 387; x_wconf 83' lang='lat' dir='ltr'>extemplo</span> <span class='ocrx_word' id='word_1_23' title='bbox 1360 336 1465 375; x_wconf 83' lang='lat' dir='ltr'>illam</span> 
     </span>
     <span class='ocr_line' id='line_1_4' title="bbox 1247 402 1467 440; baseline 0.005 -1"><span class='ocrx_word' id='word_1_24' title='bbox 1247 402 1467 440; x_wconf 79' lang='lat' dir='ltr'>hortabitur</span> 
     </span>
    </p>
   </div>
   <div class='ocr_carea' id='block_1_4' title="bbox 22 466 1522 1042">
    <p class='ocr_par' dir='ltr' id='par_1_4' title="bbox 22 466 1522 1042">
     <span class='ocr_line' id='line_1_5' title="bbox 22 466 1463 519; baseline -0.001 -13"><span class='ocrx_word' id='word_1_25' title='bbox 22 479 112 515; x_wconf 86' lang='lat'>1190</span> <span class='ocrx_word' id='word_1_26' title='bbox 129 474 171 506; x_wconf 88' lang='lat' dir='ltr'>ut</span> <span class='ocrx_word' id='word_1_27' title='bbox 200 475 273 515; x_wconf 88' lang='lat' dir='ltr'>eat,</span> <span class='ocrx_word' id='word_1_28' title='bbox 296 475 338 506; x_wconf 90' lang='lat' dir='ltr'>ut</span> <span class='ocrx_word' id='word_1_29' title='bbox 367 476 561 519; x_wconf 79' lang='lat' dir='ltr'>properet,</span> <span class='ocrx_word' id='word_1_30' title='bbox 593 482 643 507; x_wconf 91' lang='lat' dir='ltr'>ne</span> <span class='ocrx_word' id='word_1_31' title='bbox 674 467 723 506; x_wconf 85' lang='lat' dir='ltr'>sit</span> <span class='ocrx_word' id='word_1_32' title='bbox 754 466 867 506; x_wconf 87' lang='lat' dir='ltr'>matri</span> <span class='ocrx_word' id='word_1_33' title='bbox 898 481 1042 506; x_wconf 91' lang='lat' dir='ltr'>morae.</span> <span class='ocrx_word' id='word_1_34' title='bbox 1117 469 1184 505; x_wconf 88' lang='lat' dir='ltr'>PL.</span> <span class='ocrx_word' id='word_1_35' title='bbox 1219 467 1463 507; x_wconf 76' lang='lat' dir='ltr'>multimodis</span> 
     </span>
     <span class='ocr_line' id='line_1_6' title="bbox 1348 532 1461 583; baseline 0 -12"><span class='ocrx_word' id='word_1_36' title='bbox 1348 532 1461 583; x_wconf 84' lang='lat' dir='ltr'>sapis.</span> 
     </span>
     <span class='ocr_line' id='line_1_7' title="bbox 127 598 1465 650; baseline 0 -13"><span class='ocrx_word' id='word_1_37' title='bbox 127 600 196 637; x_wconf 84' lang='grc' dir='ltr'>ΡΑ.</span> <span class='ocrx_word' id='word_1_38' title='bbox 228 612 302 650; x_wconf 84' lang='lat' dir='ltr'>ego</span> <span class='ocrx_word' id='word_1_39' title='bbox 322 598 377 637; x_wconf 90' lang='lat' dir='ltr'>illi</span> <span class='ocrx_word' id='word_1_40' title='bbox 397 599 540 646; x_wconf 87' lang='lat' dir='ltr'>dicam,</span> <span class='ocrx_word' id='word_1_41' title='bbox 562 607 605 638; x_wconf 90' lang='lat' dir='ltr'>ut</span> <span class='ocrx_word' id='word_1_42' title='bbox 626 613 690 638; x_wconf 90' lang='lat' dir='ltr'>me</span> <span class='ocrx_word' id='word_1_43' title='bbox 710 598 944 646; x_wconf 85' lang='lat' dir='ltr'>adiutorem,</span> <span class='ocrx_word' id='word_1_44' title='bbox 963 598 1031 648; x_wconf 87' lang='lat' dir='ltr'>qui</span> <span class='ocrx_word' id='word_1_45' title='bbox 1052 599 1144 637; x_wconf 92' lang='lat' dir='ltr'>onu&#39;</span> <span class='ocrx_word' id='word_1_46' title='bbox 1165 599 1287 637; x_wconf 88' lang='lat' dir='ltr'>feram</span> <span class='ocrx_word' id='word_1_47' title='bbox 1308 600 1359 637; x_wconf 91' lang='lat' dir='ltr'>ad</span> <span class='ocrx_word' id='word_1_48' title='bbox 1380 612 1465 648; x_wconf 92' lang='lat' dir='ltr'>por-</span> 
     </span>
     <span class='ocr_line' id='line_1_8' title="bbox 1223 672 1460 715; baseline 0 -12"><span class='ocrx_word' id='word_1_49' title='bbox 1223 672 1317 712; x_wconf 89' lang='lat' dir='ltr'>tum,</span> <span class='ocrx_word' id='word_1_50' title='bbox 1342 672 1460 715; x_wconf 84' lang='lat' dir='ltr'>roget.</span> 
     </span>
     <span class='ocr_line' id='line_1_9' title="bbox 126 727 1522 780; baseline 0.001 -13"><span class='ocrx_word' id='word_1_51' title='bbox 126 727 191 768; x_wconf 91' lang='lat' dir='ltr'>ille</span> <span class='ocrx_word' id='word_1_52' title='bbox 220 728 372 769; x_wconf 89' lang='lat' dir='ltr'>iubebit</span> <span class='ocrx_word' id='word_1_53' title='bbox 402 744 465 769; x_wconf 89' lang='lat' dir='ltr'>me</span> <span class='ocrx_word' id='word_1_54' title='bbox 495 729 549 769; x_wconf 88' lang='lat' dir='ltr'>ire</span> <span class='ocrx_word' id='word_1_55' title='bbox 578 744 670 768; x_wconf 87' lang='lat' dir='ltr'>cum</span> <span class='ocrx_word' id='word_1_56' title='bbox 700 729 766 768; x_wconf 80' lang='lat' dir='ltr'>illa</span> <span class='ocrx_word' id='word_1_57' title='bbox 791 731 842 769; x_wconf 83' lang='lat' dir='ltr'>ad</span> <span class='ocrx_word' id='word_1_58' title='bbox 870 737 1038 780; x_wconf 88' lang='lat' dir='ltr'>portum.</span> <span class='ocrx_word' id='word_1_59' title='bbox 1099 743 1174 780; x_wconf 84' lang='lat' dir='ltr'>ego</span> <span class='ocrx_word' id='word_1_60' title='bbox 1201 731 1315 776; x_wconf 87' lang='lat' dir='ltr'>adeo,</span> <span class='ocrx_word' id='word_1_61' title='bbox 1348 738 1390 768; x_wconf 90' lang='lat' dir='ltr'>ut</span> <span class='ocrx_word' id='word_1_62' title='bbox 1420 738 1461 769; x_wconf 90' lang='lat' dir='ltr'>tu</span> <span class='ocrx_word' id='word_1_63' title='bbox 1482 741 1522 775; x_wconf 88' lang='lat'>55</span> 
     </span>
     <span class='ocr_line' id='line_1_10' title="bbox 1348 794 1459 841; baseline -0.009 -8"><span class='ocrx_word' id='word_1_64' title='bbox 1348 794 1459 841; x_wconf 87' lang='lat' dir='ltr'>scias,</span> 
     </span>
     <span class='ocr_line' id='line_1_11' title="bbox 124 860 1461 911; baseline 0 -13"><span class='ocrx_word' id='word_1_65' title='bbox 124 873 304 910; x_wconf 87' lang='lat' dir='ltr'>prorsum</span> <span class='ocrx_word' id='word_1_66' title='bbox 339 862 518 899; x_wconf 80' lang='lat' dir='ltr'>Athenas</span> <span class='ocrx_word' id='word_1_67' title='bbox 552 860 751 911; x_wconf 81' lang='lat' dir='ltr'>protinam</span> <span class='ocrx_word' id='word_1_68' title='bbox 782 860 904 899; x_wconf 89' lang='lat' dir='ltr'>abibo</span> <span class='ocrx_word' id='word_1_69' title='bbox 936 868 1079 899; x_wconf 89' lang='lat' dir='ltr'>tecum.</span> <span class='ocrx_word' id='word_1_70' title='bbox 1141 862 1210 898; x_wconf 85' lang='lat' dir='ltr'>PL.</span> <span class='ocrx_word' id='word_1_71' title='bbox 1242 868 1363 910; x_wconf 84' lang='lat' dir='ltr'>atque</span> <span class='ocrx_word' id='word_1_72' title='bbox 1393 860 1461 899; x_wconf 92' lang='lat' dir='ltr'>ubi</span> 
     </span>
     <span class='ocr_line' id='line_1_12' title="bbox 1205 925 1459 974; baseline 0.008 -11"><span class='ocrx_word' id='word_1_73' title='bbox 1205 925 1273 964; x_wconf 92' lang='lat' dir='ltr'>illo</span> <span class='ocrx_word' id='word_1_74' title='bbox 1293 926 1459 974; x_wconf 87' lang='lat' dir='ltr'>ueneris,</span> 
     </span>
     <span class='ocr_line' id='line_1_13' title="bbox 124 989 1230 1042; baseline 0.001 -14"><span class='ocrx_word' id='word_1_75' title='bbox 124 989 296 1029; x_wconf 92' lang='lat' dir='ltr'>triduom</span> <span class='ocrx_word' id='word_1_76' title='bbox 317 991 462 1030; x_wconf 87' lang='lat' dir='ltr'>seruire</span> <span class='ocrx_word' id='word_1_77' title='bbox 483 1005 702 1041; x_wconf 85' lang='lat' dir='ltr'>numquam</span> <span class='ocrx_word' id='word_1_78' title='bbox 724 999 762 1030; x_wconf 90' lang='lat' dir='ltr'>te</span> <span class='ocrx_word' id='word_1_79' title='bbox 783 991 879 1042; x_wconf 87' lang='lat' dir='ltr'>quin</span> <span class='ocrx_word' id='word_1_80' title='bbox 901 990 999 1030; x_wconf 90' lang='lat' dir='ltr'>liber</span> <span class='ocrx_word' id='word_1_81' title='bbox 1019 990 1071 1029; x_wconf 83' lang='lat' dir='ltr'>sis</span> <span class='ocrx_word' id='word_1_82' title='bbox 1093 990 1230 1029; x_wconf 88' lang='lat' dir='ltr'>sinam.</span> 
     </span>
    </p>
   </div>
   <div class='ocr_carea' id='block_1_5' title="bbox 15 1055 1460 1161">
    <p class='ocr_par' dir='ltr' id='par_1_5' title="bbox 15 1055 1460 1161">
     <span class='ocr_line' id='line_1_14' title="bbox 15 1055 1460 1107; baseline 0.002 -16"><span class='ocrx_word' id='word_1_83' title='bbox 15 1064 102 1102; x_wconf 87' lang='lat'>1195</span> <span class='ocrx_word' id='word_1_84' title='bbox 124 1056 193 1094; x_wconf 77' lang='grc' dir='ltr'>ΡΑ.</span> <span class='ocrx_word' id='word_1_85' title='bbox 215 1055 281 1094; x_wconf 90' lang='lat' dir='ltr'>abi</span> <span class='ocrx_word' id='word_1_86' title='bbox 301 1056 380 1095; x_wconf 85' lang='lat' dir='ltr'>cito</span> <span class='ocrx_word' id='word_1_87' title='bbox 400 1065 520 1107; x_wconf 86' lang='lat' dir='ltr'>atque</span> <span class='ocrx_word' id='word_1_88' title='bbox 541 1071 637 1096; x_wconf 89' lang='lat' dir='ltr'>orna</span> <span class='ocrx_word' id='word_1_89' title='bbox 658 1064 706 1096; x_wconf 90' lang='lat' dir='ltr'>te.</span> <span class='ocrx_word' id='word_1_90' title='bbox 767 1059 834 1095; x_wconf 84' lang='lat' dir='ltr'>PL.</span> <span class='ocrx_word' id='word_1_91' title='bbox 859 1056 1056 1107; x_wconf 86' lang='lat' dir='ltr'>numquid</span> <span class='ocrx_word' id='word_1_92' title='bbox 1072 1057 1210 1095; x_wconf 89' lang='lat' dir='ltr'>aliud?</span> <span class='ocrx_word' id='word_1_93' title='bbox 1268 1059 1336 1094; x_wconf 73' lang='grc' dir='ltr'>ΡΑ.</span> <span class='ocrx_word' id='word_1_94' title='bbox 1360 1058 1460 1095; x_wconf 87' lang='lat' dir='ltr'>haec</span> 
     </span>
     <span class='ocr_line' id='line_1_15' title="bbox 1152 1130 1457 1161; baseline 0.003 -1"><span class='ocrx_word' id='word_1_95' title='bbox 1152 1130 1195 1160; x_wconf 87' lang='lat' dir='ltr'>ut</span> <span class='ocrx_word' id='word_1_96' title='bbox 1220 1136 1457 1161; x_wconf 80' lang='lat' dir='ltr'>memineris.</span> 
     </span>
    </p>
   </div>
   <div class='ocr_carea' id='block_1_6' title="bbox 122 1186 1459 1291">
    <p class='ocr_par' dir='ltr' id='par_1_6' title="bbox 122 1186 1459 1291">
     <span class='ocr_line' id='line_1_16' title="bbox 122 1186 1459 1234; baseline -0.001 -8"><span class='ocrx_word' id='word_1_97' title='bbox 122 1188 188 1225; x_wconf 91' lang='lat' dir='ltr'>PL.</span> <span class='ocrx_word' id='word_1_98' title='bbox 211 1188 455 1226; x_wconf 88' lang='lat' dir='ltr'>abeo.—PA.</span> <span class='ocrx_word' id='word_1_99' title='bbox 478 1195 516 1226; x_wconf 92' lang='lat' dir='ltr'>et</span> <span class='ocrx_word' id='word_1_100' title='bbox 538 1201 610 1226; x_wconf 86' lang='lat' dir='ltr'>uos</span> <span class='ocrx_word' id='word_1_101' title='bbox 631 1186 738 1226; x_wconf 86' lang='lat' dir='ltr'>abite</span> <span class='ocrx_word' id='word_1_102' title='bbox 759 1186 852 1226; x_wconf 90' lang='lat' dir='ltr'>hinc</span> <span class='ocrx_word' id='word_1_103' title='bbox 874 1187 976 1226; x_wconf 89' lang='lat' dir='ltr'>intro</span> <span class='ocrx_word' id='word_1_104' title='bbox 997 1194 1176 1226; x_wconf 86' lang='lat' dir='ltr'>actutum</span> <span class='ocrx_word' id='word_1_105' title='bbox 1195 1202 1205 1234; x_wconf 65' lang='grc' dir='ltr'><strong><em>ς</em></strong></span> <span class='ocrx_word' id='word_1_106' title='bbox 1235 1201 1326 1225; x_wconf 89' lang='lat' dir='ltr'>nam</span> <span class='ocrx_word' id='word_1_107' title='bbox 1348 1187 1459 1225; x_wconf 91' lang='lat' dir='ltr'>illum</span> 
     </span>
     <span class='ocr_line' id='line_1_17' title="bbox 1197 1253 1458 1291; baseline 0.004 -1"><span class='ocrx_word' id='word_1_108' title='bbox 1197 1253 1275 1290; x_wconf 86' lang='lat' dir='ltr'>huc</span> <span class='ocrx_word' id='word_1_109' title='bbox 1297 1260 1355 1290; x_wconf 83' lang='lat' dir='ltr'>sat</span> <span class='ocrx_word' id='word_1_110' title='bbox 1377 1253 1458 1291; x_wconf 86' lang='lat' dir='ltr'>scio</span> 
     </span>
    </p>
   </div>
   <div class='ocr_carea' id='block_1_7' title="bbox 120 1317 1521 1423">
    <p class='ocr_par' dir='ltr' id='par_1_7' title="bbox 120 1317 1521 1423">
     <span class='ocr_line' id='line_1_18' title="bbox 120 1317 1521 1369; baseline -0.001 -13"><span class='ocrx_word' id='word_1_111' title='bbox 120 1317 198 1356; x_wconf 91' lang='lat' dir='ltr'>iam</span> <span class='ocrx_word' id='word_1_112' title='bbox 219 1317 413 1357; x_wconf 85' lang='lat' dir='ltr'>exiturum</span> <span class='ocrx_word' id='word_1_113' title='bbox 435 1332 520 1357; x_wconf 86' lang='lat' dir='ltr'>esse</span> <span class='ocrx_word' id='word_1_114' title='bbox 547 1318 663 1357; x_wconf 86' lang='lat' dir='ltr'>intus.</span> <span class='ocrx_word' id='word_1_115' title='bbox 723 1320 796 1357; x_wconf 87' lang='lat' dir='ltr'>AC.</span> <span class='ocrx_word' id='word_1_116' title='bbox 830 1318 985 1358; x_wconf 77' lang='lat' dir='ltr'>celebre</span> <span class='ocrx_word' id='word_1_117' title='bbox 1009 1318 1117 1369; x_wconf 84' lang='lat' dir='ltr'>apud</span> <span class='ocrx_word' id='word_1_118' title='bbox 1148 1331 1221 1356; x_wconf 87' lang='lat' dir='ltr'>nos</span> <span class='ocrx_word' id='word_1_119' title='bbox 1249 1317 1458 1368; x_wconf 83' lang='lat' dir='ltr'>imperium</span> <span class='ocrx_word' id='word_1_120' title='bbox 1478 1323 1521 1355; x_wconf 90' lang='lat'>60</span> 
     </span>
     <span class='ocr_line' id='line_1_19' title="bbox 1241 1392 1459 1423; baseline 0.005 -1"><span class='ocrx_word' id='word_1_121' title='bbox 1241 1392 1459 1423; x_wconf 86' lang='lat' dir='ltr'>tuomst.—</span> 
     </span>
    </p>
   </div>
   <div class='ocr_carea' id='block_1_8' title="bbox 121 1450 1460 1556">
    <p class='ocr_par' dir='ltr' id='par_1_8' title="bbox 121 1450 1460 1556">
     <span class='ocr_line' id='line_1_20' title="bbox 121 1450 1460 1502; baseline 0 -14"><span class='ocrx_word' id='word_1_122' title='bbox 121 1451 190 1488; x_wconf 80' lang='grc' dir='ltr'>ΡΑ.</span> <span class='ocrx_word' id='word_1_123' title='bbox 223 1450 324 1500; x_wconf 83' lang='lat' dir='ltr'>agite</span> <span class='ocrx_word' id='word_1_124' title='bbox 345 1450 547 1501; x_wconf 86' lang='lat' dir='ltr'>apscedite</span> <span class='ocrx_word' id='word_1_125' title='bbox 575 1465 677 1502; x_wconf 88' lang='lat' dir='ltr'>ergo.</span> <span class='ocrx_word' id='word_1_126' title='bbox 738 1465 831 1490; x_wconf 89' lang='lat' dir='ltr'>ecce</span> <span class='ocrx_word' id='word_1_127' title='bbox 851 1459 985 1489; x_wconf 89' lang='lat' dir='ltr'>autem</span> <span class='ocrx_word' id='word_1_128' title='bbox 1008 1451 1267 1489; x_wconf 89' lang='lat' dir='ltr'>commodum</span> <span class='ocrx_word' id='word_1_129' title='bbox 1288 1450 1460 1500; x_wconf 86' lang='lat' dir='ltr'>aperitur</span> 
     </span>
     <span class='ocr_line' id='line_1_21' title="bbox 1350 1516 1453 1556; baseline 0.019 -2"><span class='ocrx_word' id='word_1_130' title='bbox 1350 1516 1453 1556; x_wconf 85' lang='lat' dir='ltr'>foris.</span> 
     </span>
    </p>
   </div>
   <div class='ocr_carea' id='block_1_9' title="bbox 119 1580 1416 1632">
    <p class='ocr_par' dir='ltr' id='par_1_9' title="bbox 119 1580 1416 1632">
     <span class='ocr_line' id='line_1_22' title="bbox 119 1580 1416 1632; baseline 0.002 -12"><span class='ocrx_word' id='word_1_131' title='bbox 119 1580 264 1620; x_wconf 86' lang='lat' dir='ltr'>hilarus</span> <span class='ocrx_word' id='word_1_132' title='bbox 286 1582 362 1621; x_wconf 81' lang='lat' dir='ltr'>exit</span> <span class='ocrx_word' id='word_1_133' title='bbox 380 1598 386 1621; x_wconf 92' lang='lat'>:</span> <span class='ocrx_word' id='word_1_134' title='bbox 417 1582 652 1632; x_wconf 85' lang='lat' dir='ltr'>impetrauit.</span> <span class='ocrx_word' id='word_1_135' title='bbox 713 1582 838 1621; x_wconf 82' lang='lat' dir='ltr'>inhiat</span> <span class='ocrx_word' id='word_1_136' title='bbox 860 1583 969 1632; x_wconf 88' lang='lat' dir='ltr'>quod</span> <span class='ocrx_word' id='word_1_137' title='bbox 991 1596 1188 1632; x_wconf 81' lang='lat' dir='ltr'>nusquam</span> <span class='ocrx_word' id='word_1_138' title='bbox 1210 1590 1268 1621; x_wconf 88' lang='lat' dir='ltr'>est</span> <span class='ocrx_word' id='word_1_139' title='bbox 1289 1582 1416 1622; x_wconf 85' lang='lat' dir='ltr'>miser.</span> 
     </span>
    </p>
   </div>
   <div class='ocr_carea' id='block_1_10' title="bbox 294 1705 1506 1742">
    <p class='ocr_par' dir='ltr' id='par_1_10' title="bbox 294 1705 1506 1742">
     <span class='ocr_line' id='line_1_23' title="bbox 294 1705 1506 1742; baseline -0.002 -1"><span class='ocrx_word' id='word_1_140' title='bbox 294 1705 812 1742; x_wconf 77' lang='lat' dir='ltr'>PYRGOPOLYNICES</span> <span class='ocrx_word' id='word_1_141' title='bbox 926 1705 1289 1742; x_wconf 77' lang='lat' dir='ltr'>PALAESTRIO</span> <span class='ocrx_word' id='word_1_142' title='bbox 1475 1712 1506 1738; x_wconf 93' lang='lat' dir='ltr'>V</span> 
     </span>
    </p>
   </div>
   <div class='ocr_carea' id='block_1_11' title="bbox 11 1789 1452 1906">
    <p class='ocr_par' dir='ltr' id='par_1_11' title="bbox 11 1789 1452 1906">
     <span class='ocr_line' id='line_1_24' title="bbox 11 1789 1452 1840; baseline -0.001 -10"><span class='ocrx_word' id='word_1_143' title='bbox 11 1803 100 1831; x_wconf 91' lang='lat'>1200</span> <span class='ocrx_word' id='word_1_144' title='bbox 119 1793 187 1830; x_wconf 73' lang='grc' dir='ltr'>ΡΥ.</span> <span class='ocrx_word' id='word_1_145' title='bbox 221 1791 343 1840; x_wconf 84' lang='lat' dir='ltr'>Quod</span> <span class='ocrx_word' id='word_1_146' title='bbox 359 1790 468 1829; x_wconf 90' lang='lat' dir='ltr'>uolui</span> <span class='ocrx_word' id='word_1_147' title='bbox 484 1798 526 1828; x_wconf 92' lang='lat' dir='ltr'>ut</span> <span class='ocrx_word' id='word_1_148' title='bbox 542 1789 649 1829; x_wconf 89' lang='lat' dir='ltr'>uolui</span> <span class='ocrx_word' id='word_1_149' title='bbox 665 1789 884 1840; x_wconf 89' lang='lat' dir='ltr'>impetraui,</span> <span class='ocrx_word' id='word_1_150' title='bbox 903 1803 972 1840; x_wconf 93' lang='lat' dir='ltr'>per</span> <span class='ocrx_word' id='word_1_151' title='bbox 987 1789 1202 1828; x_wconf 82' lang='lat' dir='ltr'>amicitiam</span> <span class='ocrx_word' id='word_1_152' title='bbox 1219 1798 1257 1829; x_wconf 85' lang='lat' dir='ltr'>et</span> <span class='ocrx_word' id='word_1_153' title='bbox 1277 1790 1452 1840; x_wconf 84' lang='lat' dir='ltr'>gratiam,</span> 
     </span>
     <span class='ocr_line' id='line_1_25' title="bbox 115 1855 1428 1906; baseline 0 -11"><span class='ocrx_word' id='word_1_154' title='bbox 115 1870 140 1895; x_wconf 89' lang='lat' dir='ltr'>a</span> <span class='ocrx_word' id='word_1_155' title='bbox 160 1855 464 1895; x_wconf 83' lang='lat' dir='ltr'>Philocomasio.</span> <span class='ocrx_word' id='word_1_156' title='bbox 525 1857 593 1894; x_wconf 81' lang='grc' dir='ltr'>ΡΑ.</span> <span class='ocrx_word' id='word_1_157' title='bbox 628 1855 724 1906; x_wconf 89' lang='lat' dir='ltr'>quid</span> <span class='ocrx_word' id='word_1_158' title='bbox 745 1863 825 1894; x_wconf 88' lang='lat' dir='ltr'>tam</span> <span class='ocrx_word' id='word_1_159' title='bbox 848 1855 953 1894; x_wconf 89' lang='lat' dir='ltr'>intus</span> <span class='ocrx_word' id='word_1_160' title='bbox 975 1855 1094 1895; x_wconf 84' lang='lat' dir='ltr'>fuisse</span> <span class='ocrx_word' id='word_1_161' title='bbox 1116 1864 1153 1894; x_wconf 91' lang='lat' dir='ltr'>te</span> <span class='ocrx_word' id='word_1_162' title='bbox 1174 1856 1304 1895; x_wconf 82' lang='lat' dir='ltr'>dicam</span> <span class='ocrx_word' id='word_1_163' title='bbox 1327 1856 1428 1896; x_wconf 88' lang='lat' dir='ltr'>diu?</span> 
     </span>
    </p>
   </div>
   <div class='ocr_carea' id='block_1_12' title="bbox 113 1959 1456 2474">
    <p class='ocr_par' dir='ltr' id='par_1_12' title="bbox 113 1959 1456 2265">
     <span class='ocr_line' id='line_1_26' title="bbox 163 1959 1456 2000; baseline -0.001 -8"><span class='ocrx_word' id='word_1_164' title='bbox 163 1961 246 1992; x_wconf 90' lang='lat'>1188</span> <span class='ocrx_word' id='word_1_165' title='bbox 271 1972 311 1992; x_wconf 87' lang='lat' dir='ltr'>ca</span> <span class='ocrx_word' id='word_1_166' title='bbox 328 1965 360 1991; x_wconf 87' lang='lat' dir='ltr'>te</span> <span class='ocrx_word' id='word_1_167' title='bbox 378 1960 411 1990; x_wconf 86' lang='lat' dir='ltr'><em>P</em></span> <span class='ocrx_word' id='word_1_168' title='bbox 528 1961 719 1999; x_wconf 87' lang='lat'>1190—1284</span> <span class='ocrx_word' id='word_1_169' title='bbox 737 1959 821 1990; x_wconf 79' lang='lat' dir='ltr'>deest</span> <span class='ocrx_word' id='word_1_170' title='bbox 834 1959 880 1999; x_wconf 85' lang='lat' dir='ltr'>A,</span> <span class='ocrx_word' id='word_1_171' title='bbox 902 1960 968 1990; x_wconf 63' lang='lat' dir='ltr'>m&#39;st&#39;</span> <span class='ocrx_word' id='word_1_172' title='bbox 980 1959 1074 1999; x_wconf 86' lang='lat' dir='ltr'>quod</span> <span class='ocrx_word' id='word_1_173' title='bbox 1091 1961 1238 1999; x_wconf 29' lang='lat' dir='ltr'>1257ssss4</span> <span class='ocrx_word' id='word_1_174' title='bbox 1255 1960 1456 2000; x_wconf 72' lang='lat' dir='ltr'>paucissima</span> 
     </span>
     <span class='ocr_line' id='line_1_27' title="bbox 116 2004 1452 2046; baseline -0.001 -10"><span class='ocrx_word' id='word_1_175' title='bbox 116 2005 151 2036; x_wconf 81' lang='lat' dir='ltr'>in</span> <span class='ocrx_word' id='word_1_176' title='bbox 165 2005 283 2046; x_wconf 79' lang='lat' dir='ltr'>prt&#39;nn&#39;s</span> <span class='ocrx_word' id='word_1_177' title='bbox 299 2007 327 2035; x_wconf 86' lang='lat' dir='ltr'>et</span> <span class='ocrx_word' id='word_1_178' title='bbox 341 2004 493 2037; x_wconf 74' lang='lat' dir='ltr'>extremis</span> <span class='ocrx_word' id='word_1_179' title='bbox 506 2004 649 2034; x_wconf 76' lang='lat' dir='ltr'>versibus</span> <span class='ocrx_word' id='word_1_180' title='bbox 664 2007 840 2044; x_wconf 75' lang='lat' dir='ltr'>supersunt</span> <span class='ocrx_word' id='word_1_181' title='bbox 966 2014 977 2033; x_wconf 98' lang='lat'>1</span> <span class='ocrx_word' id='word_1_182' title='bbox 988 2014 1048 2043; x_wconf 91' lang='lat'>190</span> <span class='ocrx_word' id='word_1_183' title='bbox 1075 2004 1170 2034; x_wconf 88' lang='lat' dir='ltr'>matri</span> <span class='ocrx_word' id='word_1_184' title='bbox 1189 2014 1283 2034; x_wconf 88' lang='lat' dir='ltr'>mora</span> <span class='ocrx_word' id='word_1_185' title='bbox 1301 2005 1343 2035; x_wconf 87' lang='lat' dir='ltr'>sit</span> <span class='ocrx_word' id='word_1_186' title='bbox 1359 2004 1452 2044; x_wconf 77' lang='lat' dir='ltr'>Brix,</span> 
     </span>
     <span class='ocr_line' id='line_1_28' title="bbox 117 2048 1453 2089; baseline -0.001 -9"><span class='ocrx_word' id='word_1_187' title='bbox 117 2049 264 2089; x_wconf 78' lang='lat' dir='ltr'>rhythmi</span> <span class='ocrx_word' id='word_1_188' title='bbox 284 2058 384 2079; x_wconf 82' lang='lat' dir='ltr'>causa</span> <span class='ocrx_word' id='word_1_189' title='bbox 494 2048 625 2078; x_wconf 84' lang='lat' dir='ltr'>modice</span> <span class='ocrx_word' id='word_1_190' title='bbox 656 2048 748 2087; x_wconf 78' lang='lat' dir='ltr'>sapis</span> <span class='ocrx_word' id='word_1_191' title='bbox 779 2048 911 2078; x_wconf 76' lang='lat' dir='ltr'><em>Nonius</em></span> <span class='ocrx_word' id='word_1_192' title='bbox 944 2058 1007 2086; x_wconf 83' lang='lat'>342</span> <span class='ocrx_word' id='word_1_193' title='bbox 1042 2050 1068 2084; x_wconf 87' lang='lat'>(‘</span> <span class='ocrx_word' id='word_1_194' title='bbox 1083 2048 1222 2078; x_wconf 83' lang='lat' dir='ltr'>Plautus</span> <span class='ocrx_word' id='word_1_195' title='bbox 1251 2049 1283 2078; x_wconf 91' lang='lat' dir='ltr'>in</span> <span class='ocrx_word' id='word_1_196' title='bbox 1314 2048 1453 2089; x_wconf 80' lang='lat' dir='ltr'>Milite&#39;)</span> 
     </span>
     <span class='ocr_line' id='line_1_29' title="bbox 117 2091 1452 2132; baseline -0.001 -8"><span class='ocrx_word' id='word_1_197' title='bbox 117 2093 168 2132; x_wconf 62' lang='lat' dir='ltr'>(cll</span> <span class='ocrx_word' id='word_1_198' title='bbox 188 2093 234 2124; x_wconf 85' lang='lat' dir='ltr'>ad</span> <span class='ocrx_word' id='word_1_199' title='bbox 252 2094 349 2131; x_wconf 69' lang='lat'>1422)</span> <span class='ocrx_word' id='word_1_200' title='bbox 456 2102 535 2131; x_wconf 91' lang='lat'>1191</span> <span class='ocrx_word' id='word_1_201' title='bbox 561 2091 716 2122; x_wconf 79' lang='lat' dir='ltr'>adiutore</span> <span class='ocrx_word' id='word_1_202' title='bbox 733 2091 799 2122; x_wconf 80' lang='lat' dir='ltr'>cod.</span> <span class='ocrx_word' id='word_1_203' title='bbox 907 2101 989 2131; x_wconf 90' lang='lat'>1192</span> <span class='ocrx_word' id='word_1_204' title='bbox 1015 2092 1113 2122; x_wconf 82' lang='lat' dir='ltr'>iussit</span> <span class='ocrx_word' id='word_1_205' title='bbox 1130 2092 1163 2122; x_wconf 88' lang='grc' dir='ltr'><em>Β</em></span> <span class='ocrx_word' id='word_1_206' title='bbox 1270 2102 1351 2132; x_wconf 84' lang='lat'>1193</span> <span class='ocrx_word' id='word_1_207' title='bbox 1377 2102 1452 2131; x_wconf 85' lang='lat' dir='ltr'>pro-</span> 
     </span>
     <span class='ocr_line' id='line_1_30' title="bbox 115 2135 1452 2176; baseline -0.001 -9"><span class='ocrx_word' id='word_1_208' title='bbox 115 2137 220 2168; x_wconf 86' lang='lat' dir='ltr'>tinam</span> <span class='ocrx_word' id='word_1_209' title='bbox 246 2136 400 2176; x_wconf 78' lang='lat' dir='ltr'>Bentley:</span> <span class='ocrx_word' id='word_1_210' title='bbox 431 2136 585 2175; x_wconf 83' lang='lat' dir='ltr'>protinus</span> <span class='ocrx_word' id='word_1_211' title='bbox 611 2135 675 2166; x_wconf 83' lang='lat' dir='ltr'><em>cod.</em></span> <span class='ocrx_word' id='word_1_212' title='bbox 707 2135 745 2174; x_wconf 82' lang='lat' dir='ltr'>(i.</span> <span class='ocrx_word' id='word_1_213' title='bbox 772 2136 804 2174; x_wconf 50' lang='lat'>7]</span> <span class='ocrx_word' id='word_1_214' title='bbox 945 2145 1026 2175; x_wconf 84' lang='lat'>1195</span> <span class='ocrx_word' id='word_1_215' title='bbox 1054 2146 1137 2166; x_wconf 87' lang='lat' dir='ltr'>orna</span> <span class='ocrx_word' id='word_1_216' title='bbox 1164 2140 1197 2166; x_wconf 87' lang='lat' dir='ltr'>te</span> <span class='ocrx_word' id='word_1_217' title='bbox 1223 2135 1320 2165; x_wconf 58' lang='lat' dir='ltr'><em>slah:</em></span> <span class='ocrx_word' id='word_1_218' title='bbox 1354 2146 1452 2166; x_wconf 88' lang='lat' dir='ltr'>orare</span> 
     </span>
     <span class='ocr_line' id='line_1_31' title="bbox 113 2178 1449 2220; baseline -0.001 -9"><span class='ocrx_word' id='word_1_219' title='bbox 113 2181 179 2212; x_wconf 86' lang='lat' dir='ltr'>cod.</span> <span class='ocrx_word' id='word_1_220' title='bbox 318 2182 399 2220; x_wconf 89' lang='lat'>1196</span> <span class='ocrx_word' id='word_1_221' title='bbox 423 2180 487 2210; x_wconf 90' lang='lat' dir='ltr'>huc</span> <span class='ocrx_word' id='word_1_222' title='bbox 514 2178 646 2210; x_wconf 78' lang='lat' dir='ltr'>Luchs:</span> <span class='ocrx_word' id='word_1_223' title='bbox 678 2179 757 2210; x_wconf 88' lang='lat' dir='ltr'>hinc</span> <span class='ocrx_word' id='word_1_224' title='bbox 784 2179 850 2211; x_wconf 79' lang='lat' dir='ltr'>cod.</span> <span class='ocrx_word' id='word_1_225' title='bbox 989 2189 1069 2219; x_wconf 88' lang='lat'>1197</span> <span class='ocrx_word' id='word_1_226' title='bbox 1096 2180 1159 2210; x_wconf 88' lang='lat' dir='ltr'>iarn</span> <span class='ocrx_word' id='word_1_227' title='bbox 1187 2178 1340 2210; x_wconf 66' lang='lat' dir='ltr'>Alci-ula:</span> <span class='ocrx_word' id='word_1_228' title='bbox 1375 2190 1449 2210; x_wconf 85' lang='lat' dir='ltr'>nam</span> 
     </span>
     <span class='ocr_line' id='line_1_32' title="bbox 115 2222 1450 2265; baseline -0.001 -10"><span class='ocrx_word' id='word_1_229' title='bbox 115 2227 196 2265; x_wconf 73' lang='lat' dir='ltr'>(non</span> <span class='ocrx_word' id='word_1_230' title='bbox 215 2224 302 2265; x_wconf 46' lang='lat' dir='ltr'>pen)</span> <span class='ocrx_word' id='word_1_231' title='bbox 321 2224 386 2256; x_wconf 84' lang='lat' dir='ltr'>cod.</span> <span class='ocrx_word' id='word_1_232' title='bbox 479 2223 613 2254; x_wconf 81' lang='lat' dir='ltr'>celebre</span> <span class='ocrx_word' id='word_1_233' title='bbox 635 2223 846 2254; x_wconf 59' lang='lat' dir='ltr'>Camerata-&#39;ns</span> <span class='ocrx_word' id='word_1_234' title='bbox 864 2235 870 2254; x_wconf 93' lang='lat'><strong>:</strong></span> <span class='ocrx_word' id='word_1_235' title='bbox 895 2222 1029 2254; x_wconf 83' lang='lat' dir='ltr'>celedre</span> <span class='ocrx_word' id='word_1_236' title='bbox 1055 2227 1092 2253; x_wconf 77' lang='lat' dir='ltr'>ul</span> <span class='ocrx_word' id='word_1_237' title='bbox 1113 2223 1175 2255; x_wconf 85' lang='lat' dir='ltr'>vid.</span> <span class='ocrx_word' id='word_1_238' title='bbox 1194 2222 1261 2254; x_wconf 83' lang='lat' dir='ltr'>cod.</span> <span class='ocrx_word' id='word_1_239' title='bbox 1284 2224 1450 2264; x_wconf 70' lang='lat' dir='ltr'>(Sceledre</span> 
     </span>
    </p>

    <p class='ocr_par' dir='ltr' id='par_1_13' title="bbox 113 2276 1448 2474">
     <span class='ocr_line' id='line_1_33' title="bbox 1392 2276 1397 2293; baseline 0 0"><span class='ocrx_word' id='word_1_240' title='bbox 1392 2276 1397 2293; x_wconf 86' lang='grc' dir='ltr'>Ι</span> 
     </span>
     <span class='ocr_line' id='line_1_34' title="bbox 113 2300 1447 2341; baseline 0 -8"><span class='ocrx_word' id='word_1_241' title='bbox 113 2302 200 2340; x_wconf 74' lang='lat' dir='ltr'>POE)</span> <span class='ocrx_word' id='word_1_242' title='bbox 354 2303 434 2341; x_wconf 87' lang='lat'>1198</span> <span class='ocrx_word' id='word_1_243' title='bbox 474 2301 606 2340; x_wconf 85' lang='lat' dir='ltr'>peritur</span> <span class='ocrx_word' id='word_1_244' title='bbox 636 2301 704 2334; x_wconf 82' lang='lat' dir='ltr'>cod.</span> <span class='ocrx_word' id='word_1_245' title='bbox 866 2311 947 2341; x_wconf 90' lang='lat'>1199</span> <span class='ocrx_word' id='word_1_246' title='bbox 986 2301 1123 2331; x_wconf 82' lang='lat' dir='ltr'>hilarius</span> <span class='ocrx_word' id='word_1_247' title='bbox 1154 2300 1220 2332; x_wconf 79' lang='lat' dir='ltr'>cod.</span> <span class='ocrx_word' id='word_1_248' title='bbox 1256 2302 1328 2341; x_wconf 60' lang='lat' dir='ltr'>“pro</span> <span class='ocrx_word' id='word_1_249' title='bbox 1357 2302 1447 2341; x_wconf 52' lang='lat'>4153)</span> 
     </span>
     <span class='ocr_line' id='line_1_35' title="bbox 117 2344 1448 2387; baseline 0 -12"><span class='ocrx_word' id='word_1_250' title='bbox 117 2356 201 2377; x_wconf 88' lang='lat'>1200</span> <span class='ocrx_word' id='word_1_251' title='bbox 225 2351 260 2376; x_wconf 89' lang='lat' dir='ltr'>ut</span> <span class='ocrx_word' id='word_1_252' title='bbox 278 2345 366 2376; x_wconf 85' lang='lat' dir='ltr'>uolui</span> <span class='ocrx_word' id='word_1_253' title='bbox 387 2346 523 2376; x_wconf 76' lang='lat' dir='ltr'>Gm&#39;etus</span> <span class='ocrx_word' id='word_1_254' title='bbox 539 2357 544 2374; x_wconf 83' lang='lat' dir='ltr'>z</span> <span class='ocrx_word' id='word_1_255' title='bbox 573 2350 607 2376; x_wconf 88' lang='lat' dir='ltr'>ut</span> <span class='ocrx_word' id='word_1_256' title='bbox 626 2346 704 2375; x_wconf 88' lang='lat' dir='ltr'>uolo</span> <span class='ocrx_word' id='word_1_257' title='bbox 721 2344 786 2376; x_wconf 82' lang='lat' dir='ltr'>cod.</span> <span class='ocrx_word' id='word_1_258' title='bbox 808 2345 869 2385; x_wconf 87' lang='lat' dir='ltr'>(iii.</span> <span class='ocrx_word' id='word_1_259' title='bbox 884 2355 919 2384; x_wconf 69' lang='lat'>3)</span> <span class='ocrx_word' id='word_1_260' title='bbox 1051 2355 1130 2375; x_wconf 83' lang='lat'>1201</span> <span class='ocrx_word' id='word_1_261' title='bbox 1159 2345 1239 2384; x_wconf 85' lang='lat' dir='ltr'>qnid</span> <span class='ocrx_word' id='word_1_262' title='bbox 1257 2345 1368 2387; x_wconf 72' lang='lat' dir='ltr'>[nam]</span> <span class='ocrx_word' id='word_1_263' title='bbox 1382 2350 1448 2376; x_wconf 88' lang='lat' dir='ltr'>tam</span> 
     </span>
     <span class='ocr_line' id='line_1_36' title="bbox 115 2387 1446 2430; baseline 0 -11"><span class='ocrx_word' id='word_1_264' title='bbox 115 2389 205 2420; x_wconf 85' lang='lat' dir='ltr'>intus</span> <span class='ocrx_word' id='word_1_265' title='bbox 222 2389 341 2420; x_wconf 83' lang='lat' dir='ltr'>suisset</span> <span class='ocrx_word' id='word_1_266' title='bbox 359 2394 392 2420; x_wconf 89' lang='lat' dir='ltr'>et</span> <span class='ocrx_word' id='word_1_267' title='bbox 412 2389 529 2428; x_wconf 70' lang='lat' dir='ltr'>(fuisse</span> <span class='ocrx_word' id='word_1_268' title='bbox 548 2387 635 2430; x_wconf 79' lang='lat' dir='ltr'><em>PCD)</em></span> <span class='ocrx_word' id='word_1_269' title='bbox 654 2389 762 2419; x_wconf 87' lang='lat' dir='ltr'>dicam</span> <span class='ocrx_word' id='word_1_270' title='bbox 786 2389 854 2428; x_wconf 91' lang='lat' dir='ltr'>diu,</span> <span class='ocrx_word' id='word_1_271' title='bbox 873 2388 939 2421; x_wconf 85' lang='lat' dir='ltr'>cod.</span> <span class='ocrx_word' id='word_1_272' title='bbox 960 2389 1035 2430; x_wconf 80' lang='lat' dir='ltr'>(pro</span> <span class='ocrx_word' id='word_1_273' title='bbox 1056 2388 1320 2430; x_wconf 82' lang='lat' dir='ltr'>fuiss&amp;edicam)</span> <span class='ocrx_word' id='word_1_274' title='bbox 1336 2400 1343 2419; x_wconf 90' lang='lat'><strong>:</strong></span> <span class='ocrx_word' id='word_1_275' title='bbox 1368 2399 1446 2420; x_wconf 75' lang='lat' dir='ltr'>corr.</span> 
     </span>
     <span class='ocr_line' id='line_1_37' title="bbox 117 2432 239 2474; baseline -0.016 -10"><span class='ocrx_word' id='word_1_276' title='bbox 117 2432 239 2474; x_wconf 80' lang='lat' dir='ltr'>Ussing</span> 
     </span>
    </p>
   </div>
   <div class='ocr_carea' id='block_1_13' title="bbox 1323 2476 1362 2507">
    <p class='ocr_par' dir='ltr' id='par_1_14' title="bbox 1323 2476 1362 2507">
     <span class='ocr_line' id='line_1_38' title="bbox 1323 2476 1362 2507; baseline 0 -12"><span class='ocrx_word' id='word_1_277' title='bbox 1323 2476 1362 2507; x_wconf 67' lang='grc' dir='ltr'>ὅ*</span> 
     </span>
    </p>
   </div>
  </div>
 </body>
</html>
