1747 2740
429 141 476 179 T.
509 141 691 181 MACCI
723 142 928 180 PLAVTI
960 142 1280 183 VIDVLARIA

294 252 428 291 malim
450 253 581 292 moriri
603 266 713 293 meos
734 267 853 305 quam
876 254 1158 294 mendicarier:

294 317 389 357 boni
411 318 644 357 miserantur
664 319 789 368 illum,
810 320 917 358 hunc
939 320 1110 360 inrident
1131 321 1233 360 mali.

294 397 401 422 nunc
421 397 556 423 seruos
576 392 782 435 argentum
803 398 826 423 a
847 392 955 436 patre
976 386 1258 437 expalpabitur.

186 499 290 550 (Νι.)
321 498 445 538 immo
465 499 506 538 id
526 501 636 550 quod
657 501 756 539 haee
777 507 910 539 nostra
930 507 989 540 est
1009 500 1133 551 patria
1153 508 1191 540 et
1207 503 1317 552 quod
1338 501 1402 541 hic
1423 503 1526 541 meu’

1405 574 1525 618 pater,

185 629 264 668 illic
283 637 416 669 autem
438 629 627 669 Soterinis
648 637 706 669 est
726 638 846 681 pater.

186 708 277 734 nam
298 695 434 734 audiui
455 696 643 734 feminam
665 709 738 747 ego
758 697 916 735 leonem
937 698 1060 735 semel
1079 697 1205 748 parire

185 760 254 799 ubi
274 774 476 812 quamque
495 763 640 812 pedem
662 762 829 811 uiderat,
848 763 1127 802 subfurabatur
1146 763 1288 802 omnis.

228 874 275 896 xv
291 865 424 896 Nonius
443 866 503 905 138
520 866 778 906 (mendicarier)
914 877 934 898 2
957 867 1038 898 boni
1060 867 1298 899 ministrantur
1323 867 1414 899 illum
1437 879 1526 901 nunc

185 908 328 940 irrident
345 909 422 940 mali
439 908 527 940 codd.
548 909 671 941 Nonii:
696 920 774 941 corr.
798 909 943 950 Lipsius,
965 909 1184 942 Studenumd
1313 921 1372 943 xv¹
1396 912 1528 944 Nonius

188 963 247 992 104
266 952 502 993 (expalpare);
529 955 595 993 476
613 954 882 994 (expalpabitur)
958 965 1048 985 nunc
1065 966 1130 986 om,
1150 955 1238 986 codd.
1257 958 1322 995 476
1395 967 1415 987 a
1431 962 1527 997 patre

183 1001 358 1036 argentum
391 996 479 1029 codd.
502 999 568 1038 476
702 1007 777 1029 xvu
811 998 1007 1029 Pm'scianus
1034 1010 1060 1039 1,
1080 1009 1143 1039 317
1173 999 1318 1039 (Soteris
1343 999 1525 1041 Soterinis)

185 1050 274 1071 xvm
298 1040 529 1082 Philargyrius
560 1040 609 1072 ad
633 1041 727 1083 Verg.
755 1042 819 1073 Ecl.
850 1053 880 1080 2,
910 1043 954 1082 63
983 1043 1130 1082 (leonem
1156 1043 1330 1083 feminam)
1465 1054 1526 1075 xix

184 1083 314 1116 Nonius
331 1095 396 1116 220
412 1085 528 1127 (pedis
535 1086 619 1126 fem.
635 1089 727 1127 gen.)
815 1086 946 1118 uiderat
962 1086 1154 1119 Fleckeisen:
1171 1087 1309 1119 uidebat
1319 1087 1407 1120 codd.
1423 1086 1532 1120 Nonii

650 1261 897 1294 FRAGMENTVM
924 1263 1069 1294 Dvmvm

371 1326 454 1357 Aul.
463 1327 555 1368 frag.
577 1327 620 1358 vii
643 1326 833 1359 Vzdulariae
847 1328 1000 1360 tribuunt
1018 1328 1161 1369 Guietus,
1182 1327 1344 1360 Mercems

1544 275 1591 296 xv
1609 265 1682 308 (ιιι)

1543 403 1604 425 xV1

1546 515 1619 538 xvn
1638 506 1720 549 (χιι)

1544 709 1633 732 xvm
1651 696 1720 744 (xvj

1545 780 1607 802 :ux
1627 769 1718 813 (xiv)
