1747 2740
624 138 976 177 TRINVMMVS
1421 139 1474 177 ΙΙ.
1500 138 1546 176 iv

193 255 263 293 LE.
296 266 426 304 neque
446 251 551 292 enim
573 251 627 291 illi
648 253 799 291 damno
821 264 1012 302 umquam
1034 265 1119 290 esse
1142 251 1388 302 patiar—ST.
1413 252 1478 290 abi

1343 317 1477 355 modo.

191 386 261 423 LE.
287 398 414 423 meam
432 383 731 434 neglegentiam.
765 385 828 421 ST.
854 382 864 420 i
887 383 1019 421 modo.
1084 384 1153 420 LE.
1179 382 1307 434 <nullo
1326 380 1467 434 modo)

189 463 359 500 aequom
382 449 537 488 uidetur
557 448 653 499 quin
675 449 784 498 quod
806 447 1124 498 peccarim—ST.
1162 448 1173 486 i
1195 449 1328 487 modo.

191 515 261 553 LE.
304 514 567 565 potissumum
608 513 704 552 mihi
745 513 785 552 id
821 512 935 564 opsit.
1008 515 1071 552 ST.
1109 513 1120 551 i
1153 515 1286 553 modo.
1348 515 1419 551 LE.
1453 525 1477 551 ο

1355 586 1475 628 pater,

50 659 117 696 590
189 659 431 696 enumquam
452 645 641 696 aspiciam
663 653 701 684 te
717 647 853 684 ?-—ST.
887 645 897 683 i
920 646 1053 692 modo,
1078 645 1088 683 i
1111 646 1243 692 modo,
1268 644 1278 683 i
1299 645 1433 683 modo.
1502 659 1563 692 190

190 712 351 750 tandem
374 710 582 762 impetraui
603 710 739 749 abiret.
800 710 840 749 di
862 718 1036 749 uostram
1059 711 1179 749 fidem
1198 713 1204 749 !

190 777 333 827 edepol
354 790 394 815 re
414 784 523 827 gesta
544 790 728 827 pessume
749 783 900 827 gestam
921 776 1057 826 probe,

189 841 220 880 si
242 841 404 892 quidem
425 856 516 893 ager
536 841 652 881 nobis
674 843 805 881 saluos
826 849 909 889 est,
939 841 1011 880 etsi
1032 842 1254 881 admodum

189 906 229 945 in
250 907 438 959 ambiguo
460 915 518 947 est
539 907 659 946 etiam
681 921 787 946 nunc
808 907 906 958 quid
927 920 972 946 ea
993 920 1033 946 re
1054 908 1146 946 fuat.

49 984 113 1022 595
188 975 259 1012 sed
280 973 320 1013 id
341 973 373 1012 si
393 973 596 1021 alienatur,
619 981 791 1012 actumst
812 974 863 1012 de
884 974 988 1012 collo
1009 986 1110 1020 meo,
1499 988 1560 1021 195

187 1041 418 1089 gestandust
439 1053 599 1090 peregre
620 1040 795 1089 clupeus,
818 1040 939 1089 galea,
963 1038 1138 1077 sarcina:

187 1105 357 1156 ecfugiet
377 1119 424 1144 ex
444 1105 553 1153 urbe,
576 1104 645 1144 ubi
665 1112 780 1143 erunt
801 1105 927 1143 factae
947 1104 1120 1155 nuptiae,

188 1169 260 1209 ibit
280 1170 388 1218 istac,
410 1170 555 1221 aliquo,
579 1170 619 1209 in
640 1184 866 1209 maxumam
889 1172 1034 1209 malam
1055 1183 1229 1218 crucem,

188 1235 477 1283 latrocinatum,
499 1243 566 1274 aut
586 1235 627 1273 in
647 1235 786 1274 Asiam
807 1243 874 1274 aut
895 1235 935 1273 in
957 1235 1149 1275 Ciliciam.

45 1303 118 1338 600
189 1300 256 1339 ibo
277 1301 355 1339 huc
376 1314 455 1351 quo
477 1300 530 1339 mi
551 1300 835 1351 imperatumst,
860 1300 931 1339 etsi
953 1300 1020 1339 odi
1042 1302 1144 1339 hanc
1165 1302 1343 1348 domum,
1499 1314 1563 1336 200

189 1373 402 1417 postquam
424 1366 646 1405 exturbauit
667 1366 731 1404 hic
753 1380 826 1405 nos
851 1364 930 1419 [ex]
953 1366 1095 1405 nostris
1116 1366 1351 1405 aedibus.—

610 1567 850 1614 ACTVS
904 1567 984 1614 III

441 1673 760 1712 CALLICLES
872 1673 1152 1710 STAS1Mvs
1497 1671 1608 1709 III.i

133 1766 206 1806 CA.
231 1767 324 1815 Quo
345 1767 467 1805 modo
488 1773 529 1804 tu
551 1765 661 1813 istuc,
686 1766 864 1813 Stasime‚
889 1766 1019 1806 dixti?
1058 1768 1121 1806 ST.
1145 1773 1324 1805 nostrum
1339 1767 1473 1806 erilem

1349 1833 1474 1872 filium

133 1897 401 1936 Lesbonicum
424 1910 535 1935 suam
557 1911 731 1936 sororem
752 1898 1024 1949 despondisse.
1085 1912 1147 1937 em
1170 1899 1247 1937 ho'c
1270 1899 1402 1937 modo.

134 1964 206 2002 CA.
239 1964 333 2012 quoi
354 1962 505 2001 homini
527 1964 771 2014 despondit?
828 1966 891 2003 ST.
926 1964 1086 2015 Lysiteli
1110 1964 1304 2002 Philtonis
1326 1965 1417 2011 filio,

45 2032 113 2078 605
134 2028 218 2066 sine
239 2029 343 2066 dote.
404 2029 477 2067 CA.
510 2028 594 2067 sine
614 2030 708 2068 dote
728 2030 793 2069 ille
810 2030 915 2068 illam
938 2030 977 2068 in
1000 2038 1128 2069 tantas
1149 2029 1308 2068 diuitias
1329 2030 1472 2070 dabit?

134 2107 214 2132 non
235 2093 424 2132 credibile
445 2094 563 2132 dices.
624 2096 686 2133 ST.
718 2103 757 2134 at
778 2103 819 2134 tu
841 2097 985 2146 edepol
1007 2097 1137 2134 nullus
1159 2097 1336 2135 creduas.
1492 2110 1509 2140 5

176 2199 240 2237 587
266 2198 322 2229 LE.
344 2198 437 2228 nullo
454 2199 552 2228 modo
565 2198 711 2230 Ritscld:
735 2211 754 2230 o
773 2205 869 2240 pater
884 2201 952 2233 cod.
969 2202 1020 2242 (cf.
1037 2212 1066 2233 v.
1085 2202 1163 2242 589}
1183 2213 1190 2233 :
1216 2203 1273 2234 LE.
1296 2203 1466 2234 non—ST.

133 2241 141 2271 i
161 2242 260 2272 modo
280 2242 328 2280 (n
349 2241 456 2279 Gom,
476 2241 604 2272 Sclzoell
733 2245 798 2283 588
823 2256 1000 2285 peccarem
1018 2245 1051 2275 Β
1152 2256 1215 2285 594
1241 2248 1320 2286 quid
1339 2248 1402 2278 dea
1421 2249 1467 2286 (q.

133 2286 176 2316 de
192 2286 253 2316 hac
271 2285 362 2325 PCD)
380 2285 445 2317 cod.
581 2296 641 2325 595
665 2298 709 2317 an
727 2288 851 2319 alienat
871 2290 1035 2329 (rlzytlmn'
1048 2298 1164 2321 causat
1179 2293 1188 2321 ’,ῑ
1324 2293 1384 2321 601
1413 2301 1471 2320 ex-

134 2329 247 2360 turbat
272 2329 362 2360 Koch
454 2339 497 2359 ex
513 2329 570 2361 (Μ.
594 2329 727 2361 Gm'ems
816 2334 881 2371 603
907 2334 1166 2373 despondissem
1185 2334 1250 2364 hoc
1267 2334 1334 2366 cod.
1355 2347 1360 2366 :
1386 2346 1466 2365 corr.

133 2373 257 2405 Ritschl
371 2375 434 2412 604
460 2373 510 2404 vel
524 2374 616 2412 quoii
719 2376 784 2405 606
809 2377 892 2407 dicis
908 2377 982 2408 Ital.
1087 2382 1144 2408 tua
1162 2379 1212 2409 ed.
1235 2380 1309 2420 (pro
1327 2384 1361 2409 tu
1380 2380 1469 2419 aed.‚

131 2417 149 2449 i.
166 2427 188 2448 e.
209 2422 242 2448 tu
255 2417 325 2459 ed.)
338 2416 404 2449 cod.
511 2417 629 2448 credas
645 2417 711 2450 cod.
