1747 2740
738 138 965 176 RVDENS
1468 140 1515 179 V.
1537 141 1567 178 ii

287 257 370 288 tum
392 263 466 300 ego
486 250 578 287 huic
601 247 740 298 Gripo,
761 247 916 298 inquito
937 256 975 286 et
997 262 1059 287 me
1082 247 1287 298 tangito—
1538 265 1577 299 55

287 317 359 354 LA.
391 322 475 353 turn
497 328 570 365 ego
591 315 684 352 hu'i'c
707 313 832 364 Gripo
854 313 974 363 (dico,
998 315 1145 361 Venus,
1170 322 1212 352 ut
1233 321 1275 352 tu
1296 314 1452 364 audias)

286 381 478 418 talentum
499 378 648 429 argenti
670 392 859 429 magnum
881 378 1072 418 continuo
1093 379 1210 418 dabo.

72 459 157 496 1345
287 445 364 485 GR.
402 444 492 485 †si†
514 443 736 491 fraudassis,
760 444 825 483 dic
847 452 889 482 ut
910 452 948 483 te
969 443 1008 482 in
1028 452 1195 495 quaestu
1217 452 1286 484 tuo

285 512 422 549 Venus
443 509 627 557 eradicet,
650 517 770 560 caput
790 518 910 560 atque
931 518 1100 549 aetatem
1123 518 1241 548 tuam.

286 584 417 614 tecum
439 576 515 614 hoc
536 575 684 614 habeto
705 582 850 624 tamen,
874 575 941 614 ubi
964 575 1160 614 iuraueris.
1537 586 1580 618 60

288 642 358 679 LA.
391 640 503 679 illaec
524 642 740 679 aduorsum
762 640 794 679 si
816 640 913 691 quid
934 653 1134 691 peccasso,
1157 643 1306 689 Venus,

286 719 453 745 ueneror
473 714 511 744 te
531 713 574 744 ut
595 719 734 744 omnes
758 705 888 745 miseri
910 707 1073 745 lenones
1095 706 1206 745 sient.

71 785 159 822 1350
287 772 364 810 GR.
398 779 532 809 tamen
553 772 630 817 fiet,
656 771 728 810 etsi
750 779 791 810 tu
814 773 934 811 fidem
957 771 1185 811 seruaueris.

286 844 328 875 tu
349 836 412 875 hic
434 837 626 887 opperire,
649 836 726 875 iam
749 851 822 888 ego
845 839 933 876 faxo
954 837 1074 877 exibit
1095 851 1239 885 senex3

286 916 377 940 eum
400 905 441 940 tii
464 902 656 941 continuo
677 902 859 941 uidulum
881 903 1148 954 reposcito.-—
1538 909 1580 951 55

286 969 356 1006 LA.
391 967 422 1006 si
445 982 628 1007 maxume
650 968 703 1006 mi
725 968 835 1006 illum
857 969 1074 1008 reddiderit
1095 969 1289 1017 nidulum,

285 1047 367 1071 non
388 1047 461 1084 ego
483 1033 561 1073 illic
583 1034 704 1073 hodie
725 1035 856 1073 debeo
878 1034 1103 1074 triobolum.

69 1111 155 1147 1355
287 1113 398 1137 meus
419 1099 645 1138 arbitratust
667 1099 800 1150 lingua
820 1102 929 1150 quod
951 1100 1051 1140 iuret
1073 1114 1170 1140 mea.

285 1165 356 1203 sed
377 1164 634 1204 conticiscam
652 1180 658 1203 :
689 1178 828 1204 eccum
850 1165 928 1205 exit
949 1173 988 1205 et
1008 1166 1119 1205 ducit
1139 1180 1286 1206 senem.

354 1321 568 1358 GR11>vs
683 1320 1000 1358 DAEMONES
1113 1321 1344 1358 LABRAX
1537 1324 1583 1361 iii

178 1420 254 1459 GR.
287 1420 461 1469 Sequere
482 1419 567 1457 hac.
625 1420 701 1457 DA.
735 1418 803 1458 ubi
825 1418 911 1458 istic
933 1420 1094 1458 lenost?
1147 1421 1224 1459 GR.
1258 1421 1357 1459 heus
1379 1427 1431 1467 tu,
1456 1419 1518 1459 e'm

969 1484 1040 1524 tibi
1059 1488 1064 1523 1
1096 1484 1160 1524 hic
1181 1485 1302 1524 habet
1324 1485 1516 1525 uidulum.

178 1551 254 1589 DA.
287 1550 417 1589 habeo
433 1557 472 1588 et
486 1550 611 1589 fateor
624 1563 710 1589 esse
726 1550 833 1599 apud
852 1563 925 1597 me,
945 1558 993 1597 et,
1013 1549 1045 1588 si
1067 1557 1155 1588 tuos
1177 1558 1246 1598 est,
1270 1551 1418 1590 habeas
1435 1550 1516 1590 tibi.

175 1615 320 1662 omnia,
344 1623 386 1654 ut
407 1614 604 1665 quidquid
626 1614 848 1661 ·'rinfuere†‚
873 1614 926 1653 ita
947 1616 1056 1653 salua
1077 1615 1264 1654 sistentur
1284 1615 1366 1655 tibi.

68 1683 158 1728 1360
176 1689 278 1729 tene,
315 1680 346 1719 si
387 1688 503 1719 tuost.
565 1683 636 1719 LA.
675 1695 699 1720 o
734 1680 774 1720 di
814 1680 1066 1720 inmortales!
1116 1695 1227 1721 meus
1267 1690 1335 1721 est.
1396 1684 1516 1731 salue,

1366 1747 1514 1787 uidule.

178 1814 254 1851 DA.
288 1814 420 1851 tuo'ne
441 1814 532 1851 est?
590 1813 662 1851 LA.
693 1812 867 1863 rogitas?
906 1813 937 1852 si
966 1813 1128 1864 quidem
1155 1815 1286 1853 hercle
1309 1814 1409 1853 Ioui'
1429 1814 1513 1863 fuit,
1539 1828 1555 1860 5

1154 1893 1266 1919 meus
1287 1888 1346 1919 est
1368 1887 1512 1920 tamen.

179 1947 257 1985 DA.
293 1945 428 1985 omnia
462 1945 595 1985 insunt
630 1946 763 1995 salua3
807 1960 886 1985 una
920 1946 1036 1985 istinc
1070 1946 1220 1986 cistella
1254 1955 1418 1998 excepta
1457 1955 1515 1986 est

1393 2014 1516 2053 modo

176 2089 267 2115 curn
289 2075 526 2127 crepundiis,
550 2075 781 2126 quibu'cum
802 2076 923 2116 hodie
945 2077 1065 2116 filiam
1088 2077 1223 2117 inueni
1245 2091 1386 2118 meam.

223 2191 304 2221 1342
328 2179 421 2224 (tum
440 2191 503 2219 ego
522 2178 667 2223 huic-)
683 2180 750 2212 GR.
776 2185 844 2211 tum
862 2191 925 2220 ego
944 2181 1022 2212 huic
1039 2181 1165 2212 Sclzoell
1255 2182 1364 2224 [dico]
1384 2183 1516 2222 inquito

175 2225 250 2256 PCD
267 2225 322 2265 (cf
342 2235 371 2256 v.
393 2234 475 2263 1343
491 2236 498 2260 2
523 2225 563 2254 iv.
581 2225 616 2263 35
711 2234 791 2264 1343
815 2225 866 2255 vel
878 2226 923 2255 sic
937 2224 1102 2265 distingue
1118 2226 1196 2256 hu'ic
1210 2226 1334 2266 (Gripo
1345 2227 1429 2263 dico,
1442 2227 1514 2267 etc.)

180 2278 260 2308 1345
285 2267 395 2311 (sed)
412 2269 439 2298 si
454 2268 557 2298 Bothe
573 2279 580 2298 :
605 2268 633 2298 si
657 2266 783 2311 (quid)
802 2268 953 2309 Seyffert:
969 2269 1049 2308 sort.
1069 2268 1185 2312 (si—>
1197 2270 1263 2302 GR.
1276 2272 1302 2301 si
1386 2271 1443 2301 vix
1458 2271 1514 2301 ted

175 2313 327 2352 quaesitu
340 2312 411 2352 Fay
504 2322 584 2351 1347
611 2312 684 2353 ubi]
699 2318 772 2343 utut
786 2312 1068 2346 Muellerfflhein.
1087 2312 1175 2344 Mus.
1189 2324 1242 2353 54,
1257 2314 1338 2354 535)
1433 2316 1515 2354 1348

175 2356 229 2386 illa
242 2362 317 2395 egat
336 2366 470 2387 norsum
489 2355 556 2386 cod.
651 2366 732 2396 1355
757 2356 870 2396 lingua
885 2356 962 2387 Ital.
979 2368 986 2387 ι
1011 2367 1124 2396 ungua
1142 2358 1207 2389 cod.
1329 2368 1409 2398 1357
1437 2360 1514 2389 leno

175 2404 208 2430 et
225 2400 288 2431 cod.
311 2412 318 2430 τ
343 2411 422 2432 corr.
438 2399 650 2430 Cameram‘us
779 2410 860 2441 1359
876 2402 1023 2440 quicque
1044 2400 1125 2431 Reiz
1213 2401 1311 2432 infuit
1339 2401 1512 2433 Fleckeisen

180 2445 261 2483 1363
284 2445 407 2483 quibus
425 2443 500 2484 (dcl.
520 2445 612 2484 cum)
630 2444 805 2475 Fleckeisen

221 2500 341 2523 PLAv‘r.
361 2500 385 2521 11
1390 2484 1432 2515 25
