1747 2740
199 143 268 184 IV.
292 145 337 182 iii
712 143 758 180 T.
792 143 974 182 MACCI
1006 139 1210 180 PLAVTI

292 257 355 294 ST.
402 254 498 304 quid
533 252 564 291 si
603 266 675 302 ego
715 265 778 290 me
812 259 851 290 te
890 253 992 290 uelle
1031 253 1154 290 nolo?
1211 253 1289 291 Cn.
1334 253 1410 290 aha
1443 251 1621 300 nimium,
1647 253 1738 290 1060

1232 316 1410 364 Stasime‚
1434 316 1624 355 saeuiter!

291 388 354 425 ST.
392 398 522 424 emere
549 383 706 422 meliust
735 382 829 433 quoi
858 382 1036 432 imperes.
1098 383 1176 422 Cn.
1209 383 1275 432 pol
1301 395 1375 432 ego
1402 381 1480 421 emi
1506 390 1625 432 atque

1280 455 1485 497 argentum
1504 448 1599 487 dedi
1614 462 1625 496 3

230 529 268 561 55
290 517 360 556 sed
388 516 419 555 si
447 529 528 554 non
555 514 664 554 dicto
689 513 856 553 audiens
883 521 952 560 est,
976 513 1073 563 quid
1101 514 1205 563 ago?
1261 514 1325 551 ST.
1357 513 1410 551 da
1435 526 1622 563 magnum

1460 579 1618 616 malurn.

287 648 365 687 CH.
399 647 500 685 bene
526 659 676 692 mones,
698 645 752 683 ita
779 646 906 683 facere
933 651 1132 682 certumst.
1192 645 1255 683 ST.
1289 642 1362 681 nisi
1389 643 1552 694 quidem
1579 657 1620 682 es

1412 708 1618 747 obnoxius.

286 778 364 816 CH.
406 776 437 815 si
472 776 600 814 bonus
630 789 683 822 es,
705 774 901 813 obnoxius
931 787 1018 812 sum
1034 788 1043 821 3
1082 773 1142 811 sin
1171 786 1285 811 secus
1314 786 1368 820 es,
1394 772 1534 810 faciam
1564 773 1619 811 uti

1494 837 1617 877 iubes.

284 909 347 946 ST.
380 906 477 957 quid
497 906 537 945 id
557 907 608 945 ad
633 919 696 944 me
716 904 866 951 attinet,
882 903 1051 943 bonisne
1072 903 1194 942 seruis
1215 911 1256 941 tu
1277 911 1386 942 utare
1405 916 1456 941 an
1477 903 1619 942 malis?
1644 912 1728 957 1065

286 973 362 1012 CH.
396 972 488 1022 quia.
509 970 604 1010 boni
626 970 798 1021 malique
824 969 865 1008 in
892 983 938 1008 ea
964 983 1004 1008 re
1031 982 1118 1019 pars
1146 968 1217 1007 tibi
1244 976 1312 1007 est.
1373 969 1435 1008 ST.
1467 977 1618 1019 partem

1456 1035 1618 1072 alteram

222 1107 266 1140 60
285 1102 355 1141 tibi
372 1102 556 1153 permitto
573 1116 582 1150 ;
612 1101 718 1140 illam
734 1102 897 1139 alteram
913 1100 1020 1150 apud
1038 1113 1112 1147 me,
1128 1099 1237 1149 quod
1254 1098 1398 1146 bonist‚
1413 1098 1614 1149 apponito.

284 1168 362 1208 CH.
408 1169 440 1206 si
471 1167 544 1206 eris
574 1166 746 1214 meritus,
774 1167 850 1204 fiet.
911 1164 1061 1216 respice
1091 1165 1168 1203 huc
1202 1164 1252 1203 ad
1288 1177 1362 1202 me.
1421 1177 1495 1214 ego
1529 1177 1616 1203 sum

1368 1229 1612 1269 Charmides.

282 1300 344 1338 ST.
368 1299 460 1338 hem
477 1298 565 1348 quis
581 1306 639 1337 est
655 1298 723 1349 qui
740 1297 982 1337 mentionem
998 1297 1120 1335 homo
1137 1295 1309 1334 hominis
1325 1294 1417 1334 fecit
1433 1295 1616 1346 optumi?

282 1365 360 1404 CH.
405 1363 513 1414 ipsus
548 1365 670 1402 homo
709 1371 908 1414 optumus.
968 1363 1031 1400 ST.
1074 1374 1190 1408 mare,
1227 1369 1338 1407 terra,
1372 1362 1537 1409 caelum,
1574 1361 1614 1400 di
1638 1373 1729 1408 1070

1274 1434 1448 1465 nostram
1469 1427 1589 1466 fidem
1608 1430 1614 1466 Ξ

281 1494 381 1533 satin
412 1508 485 1545 ego
523 1494 648 1533 oculis
686 1495 804 1544 plane
838 1493 987 1532 uideo?
1035 1500 1146 1532 estne
1180 1491 1288 1542 ipsus
1327 1505 1377 1530 an
1412 1505 1493 1531 non
1527 1495 1616 1532 est?

1490 1559 1521 1598 is
1543 1568 1612 1607 est,

220 1630 259 1674 65
280 1634 384 1666 certe
406 1626 436 1665 is
457 1634 525 1674 est,
549 1626 580 1665 is
601 1634 659 1665 est
679 1627 867 1677 profecto.
928 1639 952 1664 0
973 1626 1027 1663 mi
1047 1638 1111 1664 ere
1131 1625 1452 1675 exoptatissume,

279 1695 398 1732 salue.
459 1694 536 1732 CH.
574 1694 691 1739 salue,
716 1691 894 1731 Stasime.
954 1693 1017 1730 ST.
1059 1693 1210 1730 saluom
1243 1693 1416 1732 te—CH.
1458 1692 1540 1732 scio
1574 1701 1612 1732 et

1387 1759 1506 1798 credo
1526 1758 1608 1798 tibi.

278 1824 348 1862 sed
369 1823 507 1862 omitte
527 1822 612 1869 alia,
635 1824 712 1862 hoc
734 1823 830 1861 mihi
853 1823 1072 1873 responde:
1103 1822 1214 1862 liberi
1235 1823 1332 1874 quid
1351 1832 1472 1875 agunt
1493 1823 1581 1871 mei,

278 1902 378 1940 quos
399 1888 537 1938 reliqui
558 1889 622 1927 hic
644 1889 767 1927 filium
788 1897 908 1939 atque
929 1889 1080 1927 filiam?
1128 1890 1190 1928 ST.
1224 1889 1376 1937 ninom,
1399 1891 1543 1929 ualent.
1635 1902 1720 1939 1075

279 1956 357 1995 CH.
390 1967 534 2005 nempe
555 1956 749 2004 uterque?
806 1955 868 1993 ST.
902 1962 1077 2004 uterque.
1139 1955 1216 1994 CH.
1250 1954 1291 1994 di
1313 1968 1375 1994 me
1400 1957 1552 1994 saluom
1573 1963 1611 1994 et

1238 2027 1436 2058 seruatum
1458 2021 1608 2060 uolunt.

222 2099 260 2131 70
279 2093 408 2124 cetera
429 2087 533 2124 intus
555 2085 700 2124 otiosse
722 2085 984 2135 percontabor
1005 2098 1106 2135 quae
1127 2086 1230 2124 uolo.

326 2191 410 2221 1060
434 2196 567 2229 egomet
585 2196 617 2222 te
636 2190 668 2220 P
777 2190 875 2229 uelltt
894 2191 926 2220 A
1082 2193 1163 2222 1062
1187 2202 1224 2222 es
1242 2191 1274 2222 P
1374 2193 1415 2223 da
1433 2193 1607 2232 magnum]

280 2234 439 2264 damnum
457 2234 570 2271 Ptvii,
592 2245 622 2274 p.
646 2234 720 2273 1045
859 2237 938 2273 1064
965 2240 1015 2265 est
1036 2235 1084 2265 bis
1103 2235 1289 2266 Lambfnus-
1391 2241 1425 2266 ut
1442 2246 1558 2267 mones
1574 2236 1608 2266 A

284 2279 362 2317 1067
388 2279 430 2308 ad
449 2288 500 2308 me
518 2278 550 2308 P
565 2278 661 2318 (sort.
683 2279 771 2317 recte)
911 2280 991 2309 1068
1017 2279 1077 2310 fies
1095 2279 1128 2309 P
1206 2280 1245 2310 ad
1262 2289 1314 2309 me
1335 2280 1399 2310 huc
1416 2279 1449 2309 P
1526 2282 1610 2319 1069

279 2321 357 2352 facit
375 2323 476 2352 homo
494 2322 638 2352 hominis
656 2322 687 2352 P
821 2332 903 2360 1070
927 2323 1076 2353 hohomo
1093 2323 1126 2352 A
1264 2333 1342 2362 1071
1370 2323 1475 2354 oculis
1493 2334 1557 2363 ego
1574 2324 1607 2354 A

278 2365 388 2406 ipsus]
408 2366 461 2396 hic
479 2366 512 2395 A
673 2375 754 2405 1072
779 2366 807 2396 is
823 2371 873 2396 cst
894 2365 1036 2396 altr—mnu
1057 2377 1125 2397 om.
1150 2366 1182 2396 A
1344 2377 1423 2406 1074
1449 2367 1611 2398 omittoP
