1747 2740
200 143 241 181 11
680 143 725 179 T.
761 142 941 181 MACCI
973 142 1177 180 PLAVTI

315 252 492 303 colaphis
513 252 675 303 quidem
696 254 826 292 hercle
848 260 957 291 tuom
980 251 1056 290 iam
1078 251 1241 291 dilidam
1264 258 1394 302 caput,

316 317 389 356 nisi
410 325 477 356 aut
496 319 693 357 auscultas
713 317 869 356 aut—is
889 317 928 355 in
951 318 1094 356 malam
1116 330 1284 355 crucem.

318 384 387 421 Lv.
420 384 563 422 malam
585 396 742 422 crucem
764 383 830 422 ibo
851 382 992 433 potius.
1052 384 1184 420 ΑΝΤΑ.
1217 388 1458 421 certumnest
1478 380 1548 419 tibi
1563 381 1582 419 ?

202 458 244 490 50
319 449 389 485 Lv.
421 455 583 487 certum.
634 449 768 486 ANTA.
800 456 883 485 tum
905 455 946 486 tu
968 447 1083 498 igitur
1103 446 1167 486 die
1188 446 1308 494 bono,
1333 445 1593 497 Aphrodisiis,

316 511 459 551 addice
480 520 588 551 tuam
610 512 706 551 mihi
727 511 974 551 meretricem
995 511 1269 551 minusculam.

317 578 388 616 Lv'.
419 577 473 616 ita
492 591 552 616 res
573 577 710 617 diuina
730 577 826 616 mihi
847 577 919 616 fuit
936 592 942 615 :
973 591 1032 616 res
1053 576 1172 616 serias

315 642 444 681 omnis
465 644 611 682 extollo
632 656 678 681 ex
699 643 775 681 hoc
795 642 860 682 die
880 642 921 681 in
941 642 1061 681 alium
1082 642 1200 682 diem.

316 709 510 758 profestos
531 709 652 746 festos
674 708 841 747 habeam
864 709 1067 746 decretum
1089 716 1147 747 est
1169 707 1276 746 mihi.

200 785 240 817 55
316 786 422 811 nunc
443 772 536 811 hinc
557 786 692 811 eamus
713 772 826 812 intro.
868 787 1032 823 sequere
1052 774 1127 812 hac
1148 775 1415 812 me.—ANTA.
1438 785 1592 823 sequor.

314 837 354 876 in
375 839 481 876 hunc
502 837 608 877 diem
629 837 707 876 iam
728 839 807 877 tuo'
828 851 916 877 sum
935 837 1295 877 mercennarius.—

743 1045 981 1094 ACTVS
1033 1044 1112 1092 III

130 1146 242 1185 III.i
505 1147 954 1184 AooRAsrocLEs
1064 1146 1359 1184 ADVOCATI

261 1239 334 1276 Ao.
370 1239 431 1276 lta
458 1252 520 1276 me
547 1239 588 1276 di
612 1245 756 1286 ament,
786 1239 899 1276 tardo
928 1236 1058 1276 amico
1082 1236 1178 1275 nihil
1206 1244 1265 1276 est
1290 1237 1503 1288 quicquam
1531 1252 1595 1278 ne-

1465 1304 1593 1354 quius,

262 1368 488 1419 praesertim
506 1368 656 1408 homini
677 1368 837 1416 amanti,
855 1368 923 1419 qui
939 1367 1135 1419 quidquid
1155 1368 1234 1419 agit
1250 1376 1433 1419 properat
1449 1369 1592 1408 omnia.

263 1434 362 1473 sicut
383 1448 456 1485 ego
478 1435 550 1473 hos
571 1435 677 1473 duco
697 1435 926 1482 aduocatos,
950 1433 1131 1473 homines
1152 1433 1546 1484 spissigradissumos,

263 1499 452 1539 tardiores
473 1514 592 1551 quam
614 1500 788 1539 corbitae
809 1507 900 1538 sunt
921 1499 961 1538 in
983 1499 1194 1550 tranquillo
1216 1499 1323 1538 mari.

225 1580 241 1611 5
261 1574 380 1616 atque
400 1565 585 1617 equidem
607 1567 738 1605 hercle
758 1565 893 1605 dedita
913 1579 1032 1616 opera
1051 1564 1200 1604 amicos
1221 1564 1384 1616 fugitaui
1404 1578 1541 1605 senes:

261 1631 410 1670 scibam
431 1631 549 1670 aetati
565 1631 766 1679 tardiores,
790 1630 911 1670 metui
933 1634 1023 1670 meo
1043 1630 1167 1670 amori
1188 1644 1350 1670 moram.

262 1696 504 1748 nequiquam
525 1698 599 1736 hos
621 1710 761 1748 procos
784 1696 836 1735 mi
859 1697 957 1747 elegi
980 1696 1188 1748 loripedes,
1212 1697 1479 1736 tardissumos.

262 1761 356 1812 quin
378 1761 409 1800 si
431 1761 519 1800 ituri
540 1761 660 1801 hodie
682 1761 785 1809 estis,
810 1762 872 1809 ite,
896 1769 964 1801 aut
985 1761 1036 1801 ite
1058 1762 1151 1801 hinc
1172 1761 1212 1800 in
1234 1763 1377 1801 malam
1398 1775 1567 1802 crucem.

262 1826 384 1865 sicine
405 1835 559 1878 oportet
580 1827 634 1866 ire
654 1827 803 1866 amicos
825 1827 976 1866 homini
997 1827 1146 1866 amanti
1167 1841 1325 1878 operam
1347 1829 1516 1867 datum?

205 1908 244 1930 10
263 1906 354 1930 nam
376 1892 612 1943 istequidem
633 1894 776 1943 gradus
800 1901 1017 1932 succretust
1039 1893 1167 1932 cribro
1188 1893 1419 1944 pollinari0;

262 1957 335 1996 nisi
356 1971 446 1996 cum
469 1957 618 2008 pedicis
635 1958 916 1998 condedicistis
938 1957 1036 1997 istoc
1056 1958 1217 2009 grassari
1242 1960 1375 2010 gradu.

1609 329 1679 368 495

1615 654 1684 692 500

1617 1380 1680 1417 505

1617 1707 1684 1740 510

261 2025 366 2061 ADv.
399 2024 496 2062 heus
518 2030 569 2070 tu,
594 2037 836 2074 quamquam
867 2037 939 2063 nos
969 2023 1151 2063 uidemur
1175 2023 1246 2063 tibi
1267 2023 1411 2076 plebeii
1437 2032 1475 2063 et
1502 2037 1594 2074 pau·
1614 2037 1678 2074 515

1469 2103 1592 2140 peres,

263 2152 293 2191 si
316 2167 387 2192 nec
409 2161 512 2192 recte
533 2153 631 2193 dicis
652 2154 767 2193 nobis
788 2154 900 2194 diues
921 2155 971 2193 de
992 2168 1149 2194 summo
1169 2156 1270 2201 loco,

307 2270 369 2299 494
395 2260 514 2290 elidam
530 2259 562 2290 P
648 2270 711 2299 495
736 2266 791 2291 aut
804 2265 854 2300 pr.
875 2270 942 2291 om.
959 2259 991 2290 P
1077 2271 1139 2300 497
1165 2260 1337 2300 aphrodiis
1350 2258 1383 2290 Ρ
1467 2269 1533 2298 500
1548 2270 1593 2291 ex

263 2313 328 2334 om.
350 2304 381 2334 A
485 2314 612 2342 501-71
642 2304 725 2334 dress
740 2305 772 2334 A
880 2314 939 2342 501
961 2304 1011 2334 vel
1023 2304 1135 2335 ΑΝΤΑ.
1157 2315 1205 2344 pr.
1279 2303 1449 2344 profestos
1472 2303 1590 2334 Turno·

265 2346 344 2376 bus:
366 2347 534 2386 profectos
552 2347 618 2378 cod.
764 2358 827 2386 504
852 2347 948 2377 nihili
975 2348 1044 2380 cod.
1160 2348 1315 2387 inequius
1341 2345 1416 2377 1³⁸0
1444 2347 1514 2386 (vix
1529 2352 1594 2387 pro

265 2390 425 2429 iniquius}
502 2400 565 2429 505
590 2401 654 2430 que
671 2389 738 2423 cod.
758 2394 852 2430 (corr.
871 2391 915 2427 Β)
1007 2402 1069 2430 507
1095 2391 1243 2422 corbitae
1259 2389 1391 2420 Nonius
1405 2399 1470 2429 533
1486 2401 1493 2419 z
1519 2399 1593 2420 cor-

265 2434 353 2464 ditae
370 2434 434 2465 cod.
455 2434 502 2473 <D
515 2440 577 2474 pro
597 2434 639 2475 B)
746 2434 796 2476 in]
814 2439 846 2465 et
866 2435 897 2464 in
915 2433 1002 2465 codd.
1023 2434 1127 2465 Nonii
1270 2443 1331 2474 511
1358 2440 1415 2465 aut
1431 2434 1476 2464 ite
1492 2431 1566 2465 Ital.
1584 2443 1593 2462 τ

265 2478 378 2508 audite
395 2478 461 2508 cod.
