1747 2740
69 408 136 437 160

65 794 126 838 165

62 1128 129 1163 170

58 1521 121 1559 Ι75

58 1840 122 1875 180

669 152 961 191 POENVLVS
1456 153 1485 191 Ι.
1509 154 1522 189 i

263 269 337 305 M1.
369 266 436 304 uin
457 273 498 304 tu
521 265 574 303 illi
596 279 767 315 nequam
792 266 886 304 dare
910 267 1046 303 nunc?
1103 267 1177 303 Ao.
1210 266 1339 316 cupio.
1412 268 1486 304 M1.

1210 345 1272 369 em
1295 345 1358 369 rne
1379 332 1484 370 dato.

261 399 336 435 Ac.
368 395 432 436 abi
454 397 660 435 dierectus.
722 398 795 433 M1.
828 395 892 434 dic
914 395 1009 434 mihi
1031 410 1125 434 uero
1146 396 1246 435 serio
1264 412 1270 434 :

261 463 328 501 uin
358 464 452 502 dare
482 464 629 501 malum
661 461 747 500 illi?
804 464 879 500 AG.
912 461 1040 512 cupiO.
1114 464 1185 500 M1.
1219 476 1281 500 em
1313 463 1485 501 eundem

1285 542 1348 566 me
1368 529 1463 567 dato
1479 543 1486 566 ε

257 601 468 644 utrumque
488 595 577 632 faxo
598 592 772 640 habebit,
796 600 834 632 et
854 607 1026 643 nequam
1049 601 1087 632 et
1109 595 1266 631 malum.

257 662 330 698 AG.
366 659 504 698 iocare.
566 661 639 697 M1.
673 658 740 697 uin
763 666 803 697 tu
825 659 931 697 illam
953 659 1073 698 hodie
1095 659 1179 698 sine
1201 659 1412 710 dispendio
1504 669 1544 701 35

256 733 325 763 tuo
346 728 452 763 tuam
475 724 655 763 libertam
677 725 835 763 facere?
891 726 966 763 AG.
999 724 1127 774 cupio,
1155 724 1336 775 Milphio.

258 792 330 828 M1.
364 804 436 841 ego
458 790 598 829 faciam
620 798 662 828 ut
683 790 813 828 facias.
873 798 964 828 sunt
985 790 1055 828 tibi
1078 789 1182 829 intus
1203 791 1308 830 aurei

256 855 419 894 trecenti
442 855 594 893 nummi
618 855 820 906 Philippi?
876 858 952 894 AG.
985 856 1153 895 sescenti
1176 870 1346 907 quoque.

257 922 330 958 M1.
347 920 431 959 sati'
445 928 536 959 sunt
551 921 725 959 trecenti.
763 923 838 959 AG.
859 921 954 971 quid
969 921 1025 960 eis
1043 923 1224 960 facturu's
1241 923 1258 960 ?
1291 924 1365 960 M1.
1385 930 1481 961 tace.

256 992 383 1024 totum
405 987 589 1024 lenonem
612 985 682 1023 tibi
704 999 794 1024 cum
817 993 899 1023 tota
920 986 1067 1024 familia
1504 1003 1548 1035 40

255 1052 362 1090 dabo
375 1051 495 1090 hodie
508 1052 627 1090 dono.
680 1053 754 1090 AG.
780 1052 848 1101 qui
865 1051 904 1090 id
918 1053 1101 1091 facturu's
1116 1054 1132 1091 ?
1180 1055 1252 1091 M1.
1278 1053 1354 1091 iam
1371 1054 1480 1093 scies.

255 1118 336 1155 tuo'
357 1116 606 1166 Collybiscus
629 1131 735 1155 nunc
758 1116 796 1154 in
819 1117 952 1156 urbest
975 1117 1141 1167 uilicus;

254 1196 345 1220 eum
366 1181 431 1220 hic
452 1195 532 1220 non
553 1181 665 1220 nouit
686 1183 788 1220 leno.
848 1182 949 1220 satin
971 1182 1196 1233 intellegis?

252 1249 327 1285 Ao.
360 1246 545 1297 intellego
565 1248 707 1294 hercle,
731 1248 801 1286 sed
823 1261 903 1297 quo
924 1249 1070 1288 euadas
1092 1249 1236 1288 nescio.

253 1315 327 1352 M1.
360 1326 441 1352 non
462 1312 570 1351 scis?
626 1315 701 1352 Ac.
732 1327 813 1352 non
835 1314 975 1353 hercle.
1037 1316 1109 1353 M1.
1143 1315 1181 1353 at
1202 1329 1274 1365 ego
1295 1314 1372 1354 iam
1395 1317 1482 1354 faxo
1501 1328 1542 1360 45

1369 1381 1478 1421 scies.

253 1443 289 1482 ei
310 1444 468 1483 dabitur
487 1458 637 1492 aurum,
662 1452 704 1483 ut
724 1446 775 1483 ad
797 1446 981 1484 lenonem
1003 1447 1153 1485 deferat

252 1510 438 1560 dicatque
459 1524 500 1549 se
521 1510 769 1561 peregrinum
791 1525 877 1550 esse
899 1526 944 1550 ex
965 1511 1042 1551 alio
1063 1512 1237 1562 oppido:

251 1589 292 1614 se
312 1589 443 1613 amare
464 1577 565 1614 uelle
585 1583 705 1626 atque
726 1577 893 1626 opsequi'
913 1576 1047 1615 animo
1068 1590 1165 1625 suo3

250 1642 381 1679 locum
404 1641 477 1679 sibi
499 1643 601 1680 uelle
622 1641 790 1680 liberum
812 1642 1033 1692 praeberier

249 1705 317 1744 ubi
339 1720 510 1756 nequam
532 1705 648 1744 faciat
670 1708 782 1754 clam,
807 1721 856 1746 ne
878 1707 964 1757 quis
986 1707 1033 1745 sit
1053 1707 1206 1747 arbiter.
1499 1724 1544 1754 50

250 1772 342 1810 leno
361 1773 412 1810 ad
434 1786 475 1810 se
495 1771 661 1822 accipiet
681 1772 763 1810 auri
785 1772 954 1823 cupidus
974 1772 1064 1811 ilico
1084 1789 1090 1811 :

249 1837 393 1876 celabit
414 1837 618 1876 hominem
640 1845 678 1876 et
699 1851 850 1876 aurum.
912 1840 988 1876 AG.
1022 1838 1230 1877 consilium
1252 1840 1390 1890 placet.

251 1904 323 1940 Mr.
356 1911 491 1953 rogato
512 1917 646 1942 seruos
668 1902 873 1942 ueneritne
893 1905 945 1942 ad
965 1917 1055 1942 eum
1078 1911 1176 1942 tuos.

247 1967 298 2006 ill'
320 1982 383 2007 me
403 1969 581 2008 censebit
602 1968 758 2020 quaeri:
789 1969 981 2008 continuo
1002 1968 1073 2007 tibi

248 2034 417 2084 negabit.
476 2035 572 2086 quid
594 2043 635 2074 tu
656 2035 815 2074 dubitas
837 2035 932 2086 quin
955 2037 1180 2085 extempulo
1496 2048 1535 2080 55

248 2100 358 2151 dupli
380 2100 461 2148 tibi,
484 2101 567 2139 auri
588 2109 626 2140 et
646 2101 830 2148 hominis,
855 2103 914 2139 fur
935 2102 1025 2139 leno
1046 2100 1151 2139 siet?

186 2217 246 2248 159
269 2219 321 2239 em
340 2219 392 2238 mc
411 2209 491 2239 dato
504 2208 581 2241 Ital.
598 2220 604 2239 τ
631 2221 672 2241 en
691 2211 850 2241 mendato
869 2210 933 2241 cod.
957 2210 1024 2248 (vii.
1039 2210 1073 2248 4*
1211 2210 1270 2247 163
1295 2209 1471 2249 dispendio

140 2251 320 2284 Gruterus:
346 2254 470 2283 damno
490 2254 630 2291 (damno
655 2259 688 2284 ct
713 2255 804 2290 pssc)
832 2255 1010 2294 dispendio
1037 2252 1103 2284 cod.
1130 2253 1186 2283 [iv.
1212 2255 1262 2289 13)
1283 2264 1289 2282 :
1312 2252 1472 2293 duplicem

137 2295 300 2326 lectt'onrm
333 2297 459 2326 damno
491 2302 549 2327 tuo
579 2297 583 2337 Ι
612 2298 717 2328 Tuam
748 2302 776 2328 et
801 2298 979 2338 dispendio
1010 2297 1014 2339 Ι
1046 2297 1118 2326 Τιιο
1149 2302 1236 2326 tuam
1266 2301 1388 2327 eruunt
1416 2297 1476 2327 alis

142 2340 202 2369 166
218 2340 370 2379 philippii
389 2340 455 2371 cad.
472 2343 549 2380 (pro
564 2342 632 2380 -pci
646 2344 669 2375 2)
746 2343 804 2372 168
820 2352 919 2380 quom
939 2341 1005 2372 cod.
1023 2341 1318 2381 (anlt'quafin‘mal
1413 2343 1472 2380 169

137 2383 191 2421 qui
211 2384 241 2413 id
263 2382 396 2414 Gm'erns
413 2396 418 2414 :
444 2385 522 2423 quid
542 2385 607 2416 cod.
716 2395 775 2424 173
799 2386 855 2415 vix
872 2385 1009 2415 hercule
1104 2395 1160 2423 174
1187 2385 1217 2414 ci
1235 2384 1310 2415 Ital.
1328 2395 1334 2414 :
1359 2390 1391 2415 et
1403 2385 1469 2416 cod.

141 2427 202 2465 176
227 2427 367 2467 obsequi
393 2427 491 2470 (hie)
515 2428 654 2459 Mueller
789 2430 848 2468 184
874 2429 997 2469 duplici
1018 2430 1109 2469 sxcorr.
1131 2439 1169 2458 ex
1184 2428 1275 2468 dupli
1289 2429 1315 2469 2.)
1333 2428 1398 2459 cod.

1321 2483 1381 2515 13*
