1747 2740
140 143 209 182 IV.

236 142 280 181 vi
652 142 699 179 T.
733 142 914 181 MACCI
948 142 1151 180 PLAVTI

239 256 319 293 Do.
349 254 445 305 quid
465 254 604 293 attinet
625 268 705 292 non
727 253 854 292 scire?
902 255 996 292 SAG.
1027 255 1205 292 ausculta
1225 267 1328 304 ergo,
1351 261 1394 292 ut
1413 252 1537 292 scias:

180 332 218 353 20
237 319 573 370 Vaniloquidorus
595 318 1028 369 Virginesuendonides

176 658 214 688 25

156 1017 217 1053 vii

181 1764 219 1785 10

237 385 592 436 Nugiepiloquides
613 384 1164 434 Argentumextenebronides

235 450 588 501 Tedigniloquides
611 449 790 500 Nugides
812 449 1050 500 Palponides

237 515 674 566 Quodsemelarripides
696 514 1109 565 Numquameripides.
1169 528 1232 553 em
1254 514 1350 554 tibi!
1589 523 1655 560 705

239 583 316 620 Do.
349 596 397 620 eu
418 583 549 620 hercle
568 584 574 619 1
605 594 752 620 nomen
775 580 1020 619 multimodis
1041 580 1266 631 scriptumst
1285 588 1408 620 tuom.

236 648 327 685 SAG.
361 646 414 685 ita
434 654 525 685 sunt
547 648 753 685 Persarum
777 659 916 692 moreS‚
939 647 1057 695 longa
1076 645 1250 693 nomina,

235 712 550 762 contortiplicata
571 712 776 750 habemus.
838 710 1034 760 numquid
1054 718 1228 749 ceterum

234 776 381 815 uoltis?
430 778 506 815 Do.
538 778 637 815 uale.
699 778 790 815 SAG.
825 783 862 814 et
886 789 969 823 UOS,
993 789 1084 814 nam
1105 775 1260 814 animus
1281 775 1359 814 iam
1379 775 1419 814 in
1441 774 1570 814 nauist

1460 840 1567 878 mihi.

235 908 308 945 To.
342 920 425 945 cras
446 906 520 946 ires
541 906 682 957 potius,
706 905 827 945 hodie
848 905 912 944 hie
932 919 1103 945 cenares.
1163 907 1255 945 Sim.
1288 907 1444 944 uale.—
1588 916 1658 950 710

412 1020 666 1057 Tolevs
791 1019 1098 1056 DORDALvs
1208 1018 1392 1055 V1RGo

545 1085 795 1122 SATVRIO
905 1084 1257 1122 SAGARISTIO

235 1167 308 1204 To.
343 1168 559 1216 Postquam
581 1164 659 1203 illie
680 1164 786 1211 abiit,
811 1164 942 1204 dicere
962 1163 1026 1202 hic
1047 1162 1204 1214 quiduis
1225 1162 1325 1202 licet.

235 1245 284 1270 ne
305 1230 368 1269 hic
389 1230 460 1269 tibi
481 1230 565 1269 dies
589 1229 727 1268 inluxit
747 1228 1037 1276 lucrificabilis3

235 1309 327 1334 nam
348 1309 428 1334 non
449 1294 578 1334 emisti
601 1296 715 1342 hanc,
738 1308 876 1333 uerum
897 1293 1022 1332 fecisti
1043 1293 1149 1332 lueri.

238 1363 314 1400 Do.
347 1360 411 1400 ille
432 1360 594 1411 quidem
619 1359 697 1398 iam
719 1360 791 1399 scit
812 1359 908 1410 quid
929 1359 1060 1410 negoti
1081 1358 1253 1409 gesserit,

237 1426 304 1477 qui
325 1426 421 1465 mihi
442 1426 626 1465 furtiuam
649 1439 739 1465 meo
759 1425 906 1476 periclo
927 1424 1122 1472 uendidit,
1590 1436 1656 1472 715

235 1499 440 1542 argentum
462 1491 627 1541 aceepit,
649 1490 756 1529 abiit.
816 1491 884 1540 qui
904 1503 977 1540 ego
999 1503 1104 1528 nunc
1126 1489 1207 1528 scio

236 1571 286 1596 an
307 1557 385 1595 iam
405 1558 606 1596 adseratur
629 1558 727 1595 haec
749 1557 899 1594 manu?
928 1569 1008 1605 quo
1029 1554 1138 1593 illum
1160 1557 1330 1606 sequar?

237 1622 277 1660 in
299 1624 465 1661 Persas?
494 1635 617 1672 nugas
636 1625 642 1659 1
683 1623 757 1659 TO.
790 1619 940 1660 credidi
960 1627 1112 1671 gratum
1134 1622 1216 1659 fore

239 1686 475 1726 beneficium
497 1700 630 1725 meum
652 1687 759 1736 apud
780 1693 828 1724 te.
890 1687 966 1723 Do.
999 1685 1122 1724 immo
1143 1685 1328 1735 equidem
1349 1684 1511 1735 gratiam

240 1751 319 1798 tibi,
343 1751 493 1798 Toxile⁷
516 1752 646 1790 habeo
664 1766 672 1798 3
701 1764 793 1789 nam
815 1759 852 1789 te
873 1749 976 1789 sensi
998 1750 1137 1788 sedulo
1591 1762 1660 1796 720

239 1816 334 1855 mihi
355 1818 448 1855 dare
469 1817 615 1856 bonam
638 1830 809 1867 operam.
870 1817 943 1853 To.
977 1814 1075 1853 tibin
1097 1817 1199 1866 ego?
1228 1814 1351 1853 immo
1371 1815 1521 1853 sedulo.

240 1884 314 1921 Do.
346 1885 465 1920 attat!
496 1882 642 1921 oblitus
663 1896 750 1920 sum
772 1881 876 1920 intus
897 1881 1050 1919 dudum
1072 1880 1226 1919 edicere

238 1961 339 1997 quae
361 1946 468 1986 uolui
486 1947 624 1986 edicta.
666 1948 833 1986 adserua
849 1947 1095 1984 hano—To.
1121 1947 1264 1983 saluast
1280 1946 1377 1984 haec
1395 1944 1567 1995 quidem.

239 2014 302 2050 Vl.
336 2020 444 2062 pater
464 2026 570 2050 nunc
591 2020 727 2051 cessat.
788 2013 859 2049 To.
893 2010 989 2061 quid
1017 2010 1048 2048 si
1069 2011 1338 2049 admoneam?
1379 2012 1443 2047 Vi.
1476 2018 1571 2048 tem-

1405 2088 1477 2125 pus
1498 2083 1566 2113 est.

238 2144 312 2181 TO.
344 2143 452 2189 heus,
477 2142 642 2189 Saturio,
667 2142 736 2181 exi.
798 2155 902 2179 nunc
924 2150 981 2180 est
1004 2141 1066 2179 illa
1088 2140 1244 2179 occasio
1588 2150 1653 2186 725

284 2258 346 2287 702
370 2249 514 2288 uirginis
532 2248 762 2278 uendonident
782 2247 811 2277 Ρ
943 2256 1004 2285 703
1031 2246 1305 2286 nugipiloquides
1322 2243 1355 2274 Ρ
1450 2253 1568 2282 argen-

240 2292 596 2322 tumexterebronides
614 2290 698 2321 Pius
832 2300 891 2329 704
919 2290 1006 2327 Nug.
1039 2290 1149 2329 palu]
1179 2287 1569 2327 nnmdesexpalponidcs

239 2335 272 2366 P
287 2336 342 2373 (iv.
364 2337 398 2375 4)
417 2347 423 2365 :
450 2334 863 2374 Nummosexpalponides
879 2333 1003 2363 Ritschl
1121 2343 1182 2372 705
1207 2332 1276 2373 em]
1290 2343 1329 2362 ea
1347 2330 1434 2369 PtA
1446 2337 1508 2372 pm
1520 2331 1569 2369 M)

241 2382 302 2417 706
326 2379 487 2419 scriptum
505 2379 537 2407 A
632 2389 695 2417 709
720 2378 768 2418 ct]
788 2383 839 2416 set
858 2377 889 2406 A
984 2378 1046 2406 iam
1061 2387 1130 2406 0111.
1148 2377 1180 2406 A
1275 2385 1369 2406 meus
1388 2374 1422 2404 P
1508 2384 1565 2414 7¹1

238 2427 303 2458 illic
317 2423 437 2468 (hinc)
455 2426 621 2466 Kt'csslt'ng
740 2436 799 2464 712
826 2424 1027 2456 luctificabis
1045 2424 1076 2453 Α
1196 2434 1252 2463 721
1281 2422 1417 2464 scdulo]
1433 2422 1523 2454 serui
1540 2421 1574 2453 P

241 2472 333 2511 (lpro
350 2472 453 2510 serio)
562 2481 625 2509 722
651 2470 763 2501 dicere
781 2470 812 2499 A
