1747 2740
107 497 177 533 330

105 890 173 929 335

105 1220 175 1255 340

104 1553 170 1589 345

653 114 1071 154 TRVCVLENTVS
1480 115 1533 152 ΙΙ.
1557 113 1601 151 iii

302 225 371 263 As.
405 238 484 263 non
506 225 594 276 quis
615 238 825 276 parumper
845 226 986 263 durare
1006 224 1248 274 opperirier?
1557 241 1575 273 5

305 292 371 328 D1.
403 291 499 341 quin
521 292 651 330 hercle
672 293 795 329 lassus
817 290 894 328 iam
917 304 1004 328 sum
1025 291 1207 329 durando
1229 290 1368 330 miser:

303 356 400 394 mihi
421 370 582 407 quoque
602 370 695 407 prae
715 355 947 395 lassitudine
968 369 1069 405 opus
1090 366 1148 394 est
1169 354 1246 407 <ut')
1266 357 1408 395 lauem.

303 422 374 460 sed
395 435 560 472 opsecro
582 423 724 469 hercle,
747 420 998 471 Astaphium,
1021 419 1068 473 (s)
1088 420 1190 459 intro
1211 435 1256 460 ac
1278 421 1416 460 nuntia

304 500 368 527 me
387 488 537 534 adesse,
561 495 604 526 ut
625 495 807 538 properet
828 488 962 534 suade,
985 486 1064 525 iam
1086 494 1128 525 ut
1150 487 1231 525 sati’
1253 487 1401 525 lauerit.

302 555 372 592 As.
404 552 505 592 licet.
567 555 632 592 D1.
665 553 787 592 audin
812 552 963 592 etiam?
1019 555 1089 591 As.
1121 552 1218 603 quid
1248 552 1339 591 uis?
1398 554 1463 590 Dr.
1493 553 1535 591 di
1560 567 1598 590 10

1266 631 1330 656 me
1350 618 1536 668 perduint

301 684 371 735 qui
391 692 430 724 te
450 684 635 723 reuocaui
655 688 662 723 ἔ
693 698 774 723 non
796 684 867 723 tibi
888 684 1072 723 dicebam
1097 687 1105 703 ‘
1120 684 1153 722 i'
1175 684 1330 722 modo?

302 753 370 789 As.
404 750 501 801 quid
526 749 602 788 iam
624 751 853 797 reuocabas,
875 750 1043 800 inprobe
1064 749 1256 800 nihilique
1277 750 1429 788 homo?

301 823 386 855 tute
406 815 477 854 tibi
498 815 605 854 mille
626 829 785 866 passum
807 815 995 866 peperisti
1016 829 1217 854 morae.—

303 884 370 921 D1.
403 883 473 920 sed
490 881 587 931 quid
608 882 706 920 haec
727 881 791 919 hic
811 889 945 920 autem
967 889 1048 919 tam
1069 880 1138 920 diu
1155 889 1246 919 ante
1267 880 1376 920 aedis
1398 880 1536 920 stetit?

301 947 558 998 nescioquem
581 949 817 998 praestolata
838 954 896 986 est
911 962 921 995 ,-
951 948 1082 994 credo,
1106 947 1282 985 militem.
1558 961 1596 994 15

300 1013 411 1052 illum
433 1014 594 1052 student
615 1012 691 1051 iam
707 1028 717 1061 3
747 1013 859 1063 quasi
881 1013 1040 1052 uolturii
1060 1013 1191 1052 triduo

300 1077 397 1130 priu'
418 1077 695 1128 praediuinant
715 1091 796 1128 quo
817 1077 882 1116 die
903 1078 1025 1116 essuri
1047 1077 1147 1116 sient
1166 1094 1173 1117 :

301 1143 412 1182 illum
432 1142 586 1181 inhiant
606 1156 756 1190 omnes,
780 1142 834 1181 illi
855 1151 914 1182 est
934 1143 1090 1181 animus
1111 1143 1298 1182 omnibus
1316 1158 1327 1192 3

301 1223 366 1248 me
385 1222 504 1248 nemo
526 1208 638 1259 magi’
659 1208 851 1259 respiciet,
874 1209 942 1247 ubi
965 1209 995 1247 is
1017 1210 1094 1247 huc
1115 1209 1281 1258 uenerit,

301 1274 413 1325 quasi
432 1274 579 1313 abhinc
599 1275 794 1313 ducentos
815 1288 942 1314 annos
964 1275 1103 1314 fuerim
1125 1284 1313 1314 mortuos.
1555 1291 1596 1313 20

300 1347 343 1379 ut
363 1354 445 1379 rem
466 1353 621 1379 seruare
641 1331 763 1378 suaue
784 1347 843 1378 est
863 1343 870 1378 1
901 1353 975 1378 uae
996 1340 1139 1379 misero
1157 1340 1253 1378 mihi
1273 1344 1279 1379 !

300 1412 389 1457 post
409 1407 557 1444 factum
578 1406 725 1453 flector,
749 1405 816 1456 qui
837 1413 1086 1456 antepartum
1108 1406 1272 1456 perdidi.

301 1485 439 1511 uerum
460 1485 567 1510 nunc
587 1471 618 1510 si
639 1485 718 1522 qua
738 1471 791 1509 mi
812 1471 995 1522 optigerit
1015 1472 1211 1510 hereditas

300 1551 443 1588 magna
462 1545 581 1588 atque
601 1538 812 1584 luculenta,
836 1550 943 1575 nunc
964 1545 1175 1588 postquam
1197 1538 1279 1577 scio

299 1606 416 1643 dulce
436 1612 555 1654 atque
574 1617 752 1642 amarum
774 1603 871 1653 quid
893 1603 941 1642 sit
963 1617 1009 1642 ex
1028 1604 1208 1653 pecunia,
1553 1617 1592 1650 25

298 1670 351 1709 ita
372 1683 445 1719 ego
466 1669 571 1708 illam
593 1670 736 1720 edepol
758 1683 913 1708 seruem
940 1668 1074 1719 itaque
1094 1683 1210 1719 parce
1232 1670 1420 1718 uictitem,

298 1736 504 1774 ut—nulla
525 1734 642 1773 faxim
664 1734 719 1773 cis
740 1734 824 1774 dies
846 1747 995 1785 paucos
1017 1734 1089 1773 siet
1106 1749 1116 1782 3

233 1843 299 1881 326
322 1841 435 1871 durari
453 1839 517 1872 cod.
662 1842 726 1880 328
751 1847 787 1873 ut
805 1841 915 1872 lauen]
937 1841 1170 1872 Camerarius:
1196 1842 1272 1872 laue
1289 1841 1354 1874 cod.
1469 1853 1534 1883 329

189 1885 198 1916 i
216 1885 292 1916 add.
316 1885 392 1916 Ital.
546 1894 611 1924 330
635 1890 671 1916 ut
693 1886 888 1927 Kiessling:
912 1886 962 1916 tui
987 1885 1054 1917 cod.
1171 1887 1276 1916 suade
1295 1886 1532 1918 Camerarius:

189 1940 293 1960 suaue
313 1928 379 1960 cod.
525 1939 588 1968 333
612 1930 760 1969 quidiam
789 1930 876 1972 [me]
902 1929 955 1960 B:
989 1930 1152 1969 quidnam
1178 1930 1244 1960 Leo
1344 1931 1532 1970 improbu's

189 1974 266 2014 Leo,
292 1974 346 2004 cui
367 1973 461 2004 nihili
486 1973 596 2013 trisyll.
623 1973 766 2014 displicet
924 1984 988 2014 334
1014 1979 1087 2005 tute
1114 1974 1204 2004 Leo:
1230 1985 1295 2014 que
1311 1974 1379 2005 cod.
1473 1985 1529 2014 pe-

189 2018 305 2058 peristi
330 2017 491 2058 Spengel:
527 2019 662 2058 peperit
686 2018 755 2051 cod.
863 2029 990 2049 moram
1019 2018 1161 2059 Spengel
1289 2019 1355 2057 336
1379 2024 1529 2058 praesto—

188 2062 255 2093 lata
272 2066 322 2092 est
339 2061 439 2093 Ital.:
464 2067 580 2101 presto
602 2062 679 2105 [ita]
706 2063 773 2094 lata
799 2068 851 2095 est
875 2063 940 2094 cod.
970 2064 1028 2103 xxiv.
1056 2064 1091 2102 3)
1227 2072 1291 2102 337
1316 2063 1452 2093 uolturii
1472 2064 1529 2093 tri-

188 2107 254 2137 duo
280 2105 378 2138 Ital.:
412 2106 536 2136 uolturi
561 2107 633 2137 heri
670 2109 736 2138 duo
773 2107 879 2149 (PCD)
915 2107 965 2138 vel
997 2107 1074 2138 uolo
1100 2107 1236 2138 turiceri
1271 2108 1336 2137 duo
1369 2106 1430 2147 (B)
1458 2106 1524 2138 cod.

185 2151 250 2190 338
275 2150 317 2181 de
334 2151 434 2190 quoio
453 2149 559 2191 Bergk
647 2152 719 2182 euri
738 2151 802 2183 cod.
826 2152 908 2192 (pro
926 2152 1008 2191 euri,
1030 2153 1085 2182 121³.
1107 2153 1214 2182 esurii
1338 2160 1403 2190 340
1427 2161 1527 2181 nemo

186 2194 345 2234 Pylades:
371 2194 462 2225 nimo
479 2194 543 2226 cod.
566 2195 685 2235 (nimio
702 2195 791 2236 PCD)
883 2196 1040 2234 velmage
1132 2197 1159 2226 is
1175 2195 1250 2226 Ital.
1271 2207 1277 2225 ε
1302 2195 1358 2225 ise
1377 2194 1443 2233 (vel
1456 2196 1526 2230 est)

185 2238 250 2270 cod.
281 2239 339 2279 (iv.
368 2239 448 2278 33):
475 2239 539 2270 iste
563 2239 779 2270 Camerarius
913 2249 974 2279 341
1001 2240 1124 2270 abhinc
1142 2239 1337 2270 Fleckeisen:
1363 2238 1439 2269 hinc
1457 2237 1523 2269 cod.

186 2292 251 2322 342
276 2288 311 2313 ut
329 2293 399 2313 rem
429 2293 568 2313 seruare
599 2282 837 2314 Studemund:
872 2289 983 2314 utrum
1011 2283 1140 2314 seruire
1171 2285 1287 2323 (seure
1314 2283 1360 2323 Β)
1377 2282 1463 2314 cod:
1490 2286 1526 2312 ut

188 2337 258 2357 rem
291 2326 454 2357 inseruire
487 2326 624 2366 Sejffirt
734 2337 841 2357 suaue
877 2327 1113 2358 Caum-mins:
1153 2327 1246 2357 salue
1272 2325 1337 2357 cod.
1462 2336 1526 2357 uae

187 2369 318 2401 Merula
336 2383 342 2403 :
384 2380 470 2401 neue
498 2370 564 2401 cod.
732 2381 796 2411 343
821 2371 877 2411 qui
895 2370 1019 2401 Bothe:
1044 2371 1120 2411 quia
1137 2370 1204 2402 cod.
