1747 2740
657 159 950 198 POENVLVS
1390 160 1467 198 ΙΙΙ.
1492 162 1505 198 i

53 273 114 317 <fis
135 272 186 310 ad
207 285 293 311 eam
315 285 397 311 rem
418 284 491 310 nos
512 284 597 310 esse
618 270 727 309 testis
749 270 808 308 uis
830 270 912 309 tibi.
973 272 1047 309 Aa.
1080 270 1212 309 teneti’
1235 284 1327 309 rem.

134 339 240 375 ADv.
264 337 327 376 uix
348 337 510 387 quidem
528 338 670 383 hercle,
687 337 738 374 ita
754 336 925 387 pauxilla
945 344 1014 383 est,
1031 336 1204 385 digitulis
1220 336 1468 386 primoribus.

134 405 210 441 Ao.
243 403 320 441 hoc
350 402 429 441 cito
458 409 497 441 et
527 401 670 440 cursim
701 409 759 439 cst
789 402 999 452 agendum.
1060 415 1227 452 propera
1252 401 1328 439 iam
1351 415 1471 451 quan-

1222 475 1305 505 tum
1327 475 1466 517 potest.

136 536 240 572 ADv.
265 535 367 572 bene
388 535 475 572 uale
496 533 620 583 igitur.
663 541 701 572 te
721 534 940 572 aduocatos
963 532 1120 571 meliust
1141 533 1276 571 celeris
1298 534 1468 579 ducere;
1489 536 1529 578 65

131 598 230 637 tardi
251 599 379 637 sumu'
399 611 483 636 nos.
543 600 617 636 AG.
650 606 814 648 optume
835 597 909 645 itis,
932 611 1117 647 pessume
1138 599 1268 636 hercle
1289 597 1428 636 dicitis.

45 673 112 710 570
130 663 226 714 quin
247 663 365 702 etiam
387 662 606 702 deciderint
627 662 774 701 femina
798 662 914 701 uobis
935 662 975 700 in
997 664 1096 701 talos
1117 663 1248 701 uelim.

129 731 234 767 ADv.
267 736 307 767 at
327 730 470 779 edepol
491 741 564 766 nos
588 727 659 766 tibi
680 727 719 766 in
744 728 902 766 lumbos
924 727 1097 778 linguam
1119 736 1238 778 atque
1265 730 1402 767 oculos
1428 728 1466 766 in

1325 795 1464 832 solum.

130 861 204 898 AG.
238 858 349 898 heia!
381 860 458 896 hau
480 866 694 897 uostrumst
716 858 926 898 iracundos
948 872 1033 897 esse
1055 860 1165 909 quod
1185 859 1263 898 dixi
1286 859 1384 898 ioco.

129 927 234 963 ADV.
267 938 341 963 nec
361 932 471 962 tuom
492 924 655 974 quidem
677 932 735 963 est
754 924 890 962 amicis
912 938 980 974 per
1000 924 1131 962 iocum
1154 924 1297 963 iniuste
1317 925 1435 975 loqui.
1488 941 1528 972 70

129 992 204 1028 AG.
237 989 379 1028 mittite
406 989 538 1028 istaec.
595 989 691 1039 quid
721 989 840 1028 uelim
869 1003 941 1027 uos
963 989 1079 1028 scitis.
1139 992 1244 1028 ADv.
1277 992 1465 1028 callemus

1317 1057 1465 1106 probe:

43 1133 107 1169 575
129 1122 315 1159 lenonem
336 1128 379 1159 ut
401 1120 595 1171 peiiurum
617 1121 769 1170 perdas,
789 1119 829 1158 id
851 1121 999 1159 studes.
1058 1121 1133 1158 Aa.
1167 1121 1299 1159 teneti'
1321 1135 1413 1160 rem.

128 1200 251 1236 eugae
271 1190 277 1224 l
309 1194 532 1236 opportune
553 1185 806 1235 egrediuntur
828 1185 1000 1236 Milphio
1022 1199 1099 1224 una
1121 1193 1159 1224 ct
1179 1186 1329 1225 uilicus

128 1251 288 1290 basilice
309 1259 518 1290 exornatus
539 1251 644 1289 cedit
665 1258 703 1289 et
724 1251 833 1289 fabre
852 1252 904 1289 ad
926 1251 1132 1290 fallaciam.

126 1422 384 1458 MILPHIO
497 1420 889 1458 COLLYBISCVS
1010 1421 1506 1461 AooRASTocLEsii

637 1486 931 1522 ADVOCATI

127 1575 198 1611 M1.
234 1574 318 1611 Iam
352 1581 462 1611 tenes
494 1579 703 1623 praecepta
737 1571 777 1609 in
811 1573 963 1610 corde?
1037 1573 1109 1611 Co.
1143 1575 1316 1623 pulchre.
1386 1577 1460 1614 M1.

1121 1639 1214 1677 uide
1235 1640 1285 1678 sis
1307 1643 1459 1680 calleas,

127 1705 198 1744 Co.
232 1705 328 1755 quid
363 1711 480 1755 opust
512 1703 675 1742 uerbis?
732 1704 876 1741 callum
911 1717 1132 1754 aprugnum
1165 1707 1306 1745 callere
1336 1720 1462 1757 aeque

1219 1784 1300 1809 non
1322 1772 1458 1810 sinam.

38 1839 106 1883 580
126 1837 198 1873 M1.
232 1837 292 1873 sac
314 1836 436 1873 modo
457 1843 499 1874 ut
520 1837 718 1874 condocta
738 1835 809 1874 tibi
827 1835 904 1874 sint
921 1835 1028 1874 dicta
1049 1836 1100 1874 ad
1122 1836 1224 1874 hanc
1241 1837 1446 1877 fallaciam.

125 1902 198 1939 Co.
230 1901 326 1951 quin
348 1902 491 1951 edepol
512 1901 746 1940 condoctior
766 1915 853 1939 sum
877 1915 997 1951 quam
1022 1901 1197 1951 tragoedi
1219 1910 1285 1940 aut
1306 1903 1458 1942 comici.

125 1968 198 2004 M1.
231 1967 378 2016 probus
399 1967 569 2004 homost.
627 1968 702 2005 AG.
726 1968 916 2005 adeamus
938 1966 1110 2017 propius.
1165 1968 1310 2006 adsunt
1331 1977 1459 2008 testes.
1484 1985 1501 2016 5

1115 2033 1188 2071 Ml.
1223 2040 1279 2072 tot
1301 2034 1461 2084 quidem

124 2110 204 2134 non
225 2096 387 2147 potuisti
409 2098 607 2136 adducere
628 2099 809 2137 homines
832 2098 955 2149 magis
977 2100 1028 2137 ad
1053 2100 1155 2137 hanc
1178 2113 1259 2138 rem
1283 2099 1458 2139 idoneos.

167 2202 230 2239 565
261 2200 376 2239 testis]
409 2201 492 2231 estis
524 2200 589 2232 cod.
737 2203 802 2241 566
833 2203 888 2233 vix
914 2203 1052 2234 hercule
1148 2204 1224 2235 itast
1258 2215 1290 2244 p.
1329 2204 1464 2245 Geppert

123 2246 250 2284 567-77
277 2245 313 2284 cJZ
332 2244 379 2274 ad
392 2246 501 2283 543-6
619 2247 682 2284 568
707 2247 890 2278 aduocatus
907 2247 975 2278 cod.
1070 2247 1189 2279 melius
1208 2248 1273 2278 cod.
1394 2259 1460 2287 570

124 2287 220 2318 uobis
245 2289 370 2318 semina
394 2288 485 2320 cod.:
516 2290 587 2319 trai.
614 2289 742 2320 Ritsclzl
887 2301 946 2330 571
974 2292 1032 2322 tihi
1061 2302 1123 2322 nos
1149 2292 1253 2322 Βοῶν
1395 2302 1458 2331 572

123 2331 238 2362 accedit
254 2333 285 2362 A
437 2343 499 2372 573
524 2344 566 2375 ne
583 2333 615 2363 A
767 2344 828 2373 574
855 2336 949 2366 mitte
968 2339 1004 2364 nl
1019 2335 1081 2366 vid.
1101 2336 1134 2365 A
1253 2335 1351 2366 uelim
1378 2336 1456 2377 uos]

123 2375 266 2406 uelimus
284 2375 316 2405 A
477 2378 541 2415 576
567 2376 654 2408 Ecce
671 2377 704 2408 P
843 2388 904 2418 577
931 2379 1055 2409 incedit
1073 2378 1105 2408 P
1238 2381 1301 2419 582
1326 2380 1367 2410 ad
1385 2390 1457 2411 eam

123 2420 283 2458 proprius
308 2421 462 2460 (propius
486 2418 533 2459 D)
558 2419 591 2450 P
685 2422 808 2452 adsunt
833 2424 879 2453 t.3
905 2421 1081 2461 Milpln'om'
1103 2423 1223 2462 tribuit,
1253 2428 1301 2454 tot
1325 2425 1458 2464 quidem

122 2463 336 2507 Agorastocli
349 2463 415 2495 Leo
