1747 2740
135 151 204 189 IV.
230 151 289 187 vii
648 150 695 187 T.
730 148 912 188 MACCI
946 149 1150 186 PLAVTI

339 260 435 299 mihi
458 260 578 299 istaec
600 259 757 299 uidetur
778 259 924 310 praeda
945 259 1177 309 praedatum
1200 258 1298 305 irier,

337 335 379 366 ut
401 341 491 365 curn
516 325 662 365 maiore
683 326 778 364 dote
798 324 915 363 abeat
936 337 1054 374 quam
1077 323 1293 362 aduenerit.

338 406 464 442 egone
486 399 527 430 ut
548 392 658 441 quod
678 391 730 429 ad
752 404 815 428 me
835 391 1012 428 adlatum
1034 402 1119 427 esse
1139 388 1311 426 alienum
1333 388 1454 428 sciam

340 458 496 496 celem?
526 455 690 494 minime
711 455 811 494 istuc
832 454 949 493 faciet
970 461 1103 492 noster
1126 455 1362 493 Daemones.
1591 462 1677 499 1245

173 542 214 564 20
341 535 496 572 semper
516 535 657 560 cauere
679 522 755 559 hoc
777 518 965 570 sapientis
986 518 1322 569 aequissumumst

341 602 391 627 ne
411 586 560 626 conscii
581 586 658 625 sint
679 585 752 637 ipsi
775 584 944 623 malefici
966 584 1056 623 suis.

339 667 412 704 ego
434 652 531 691 mihi
553 651 749 691 conlusim
772 651 825 689 nil
849 664 981 689 moror
1001 651 1125 689 ullum
1146 652 1309 690 lucrum.

338 721 415 759 GR.
449 718 625 770 spectaui
647 731 720 768 ego
742 716 895 768 pridem
919 716 1094 755 comicos
1115 718 1166 755 ad
1187 716 1316 755 isttinc
1337 718 1501 757 modurn

338 784 534 836 sapienter
553 783 660 823 dicta
680 782 822 829 dicere,
846 790 966 832 atque
986 781 1017 820 is
1039 782 1227 832 plaudier,
1593 793 1681 829 1250

172 869 187 890 2
194 870 211 900 5
339 864 461 901 quom
483 850 570 888 illos
591 848 779 899 sapientis
803 861 932 886 mores
955 848 1228 886 monstrabant
1249 849 1393 898 poplo:

339 917 409 955 sed
430 929 553 966 quom
574 915 668 953 inde
688 927 800 952 suam
825 913 994 964 quisque
1015 912 1126 951 ibant
1146 913 1294 952 diuorsi
1315 915 1491 961 domum,

338 982 469 1020 nullus
490 988 571 1019 erat
592 980 659 1019 illo
681 987 798 1030 pacto
821 986 864 1017 ut
886 978 940 1016 illi
962 978 1164 1016 iusserant.

342 1048 418 1085 DA.
450 1046 515 1085 abi
536 1046 652 1093 intro,
674 1059 724 1084 ne
748 1045 963 1092 molestu's,
986 1043 1142 1094 linguae
1163 1051 1347 1095 tempera.

340 1126 414 1163 ego
435 1111 505 1150 tibi
527 1113 689 1150 daturus
712 1109 809 1148 nihil
834 1123 936 1157 sum,
957 1122 1008 1148 ne
1029 1116 1071 1147 tu
1092 1110 1231 1148 frustra
1251 1109 1312 1148 sis.
1593 1123 1678 1159 1253

173 1195 214 1226 30
342 1179 420 1216 GR.
452 1184 491 1215 at
511 1190 585 1227 ego
606 1177 702 1214 deos
725 1175 874 1226 quaeso
897 1182 950 1222 ut,
974 1174 1170 1225 quidquid
1191 1174 1230 1212 in
1251 1174 1318 1213 illo
1339 1175 1524 1222 uidulost‚

341 1243 372 1282 si
393 1257 544 1290 aurum,
567 1242 598 1280 si
618 1249 825 1292 argentum
849 1248 921 1289 est,
943 1254 1063 1279 omne
1084 1240 1123 1279 id
1145 1248 1187 1278 ut
1208 1241 1273 1278 fiat
1295 1241 1460 1279 cinis.—

343 1311 419 1347 DA.
453 1308 545 1347 illuc
566 1314 624 1346 est
645 1308 754 1358 quod
778 1320 850 1345 nos
872 1320 1045 1356 nequam
1067 1306 1188 1345 seruis
1210 1306 1365 1345 utimur.

340 1388 433 1414 nam
454 1374 533 1413 illic
553 1387 645 1412 cum
667 1386 782 1412 seruo
806 1372 836 1410 si
859 1386 939 1422 quo
960 1385 1193 1422 congressus
1215 1373 1324 1419 foret,

341 1448 380 1479 et
400 1440 530 1491 ipsum
551 1452 636 1478 sese
657 1447 695 1477 et
717 1438 827 1476 illum
850 1437 940 1476 furti
961 1437 1190 1488 astringeret
1205 1453 1216 1485 3
1594 1439 1684 1475 1260

173 1523 213 1556 35
341 1508 438 1545 dum
460 1507 647 1557 praedam
670 1504 815 1542 habere
839 1517 880 1542 se
902 1511 1091 1551 censeret,
1114 1503 1268 1542 interim

342 1575 489 1624 praeda
509 1573 616 1623 ipsus
639 1579 754 1618 esset,
778 1571 923 1621 praeda
946 1571 1132 1620 praedam
1155 1572 1325 1609 duceret.

343 1652 450 1677 nunc
471 1638 564 1676 hinc
585 1637 687 1676 intro
710 1637 776 1675 ibo
799 1644 837 1674 et
859 1636 1115 1683 sacruficabo,
1138 1636 1284 1686 postibi

343 1704 491 1743 iubebo
513 1703 628 1742 nobis
650 1716 790 1741 cenam
815 1701 1009 1740 continuo
1030 1701 1216 1752 coqui.—

138 1817 214 1855 viii
488 1815 868 1851 PLE81D1PPVS
981 1813 1321 1851 TRACHALIO

236 1898 302 1935 PL.
336 1898 485 1935 Iterum
503 1895 599 1933 mihi
622 1894 741 1932 istaec
759 1893 894 1932 onmia
916 1893 1022 1940 itera,
1041 1893 1093 1931 mi
1110 1893 1254 1941 anime,
1272 1894 1325 1932 mi
1346 1895 1567 1942 Trachalio,
1595 1897 1681 1942 1265

235 1962 287 1999 mi
309 1962 457 2008 liberte,
481 1961 534 1999 mi
556 1968 720 2011 patrone
742 1959 884 2009 potiUS‚
909 1959 1032 1997 immo
1053 1959 1105 1996 mi
1128 1967 1247 2009 pater.

233 2026 402 2077 repperit
433 2034 582 2077 patrem
617 2027 813 2063 Palaestra
842 2038 956 2062 suom
985 2032 1105 2074 atque
1130 2027 1326 2064 matrem?
1382 2028 1458 2064 ΤΚ.
1491 2040 1573 2076 rep-

1461 2091 1569 2142 perit.

283 2207 374 2235 1242,
398 2207 477 2235 1243
498 2198 555 2236 ire,
578 2197 623 2227 uti
648 2195 786 2239 (Hinc)
811 2207 884 2227 cum
914 2197 954 2236 (²3
976 2197 1039 2227 Leo
1144 2207 1224 2236 1247
1250 2197 1393 2228 malefici
1411 2196 1569 2236 Pylades:

236 2240 411 2271 maleficiis
438 2240 504 2271 cod.
676 2242 758 2280 1248
784 2241 863 2271 mihi
883 2241 1048 2271 conlusim
1066 2240 1162 2270 Emn
1178 2253 1184 2271 :
1210 2241 1291 2271 mihi
1311 2251 1385 2271 curn
1403 2240 1465 2270 lusi
1482 2240 1547 2271 cod.
1565 2253 1571 2270 :

234 2284 450 2322 cogitaveram
467 2284 506 2314 de
524 2285 605 2314 nihil
623 2285 752 2315 conlusi
890 2294 965 2323 1251
996 2286 1203 2315 monstrabat
1220 2284 1285 2315 cod.
1303 2296 1308 2314 :
1334 2295 1412 2315 corr.
1434 2283 1572 2323 Hylades

237 2327 339 2366 poplo
366 2329 521 2368 (populo)
549 2328 649 2359 ltal.:
685 2328 777 2368 potio
804 2327 867 2358 cod.
966 2338 1046 2366 1252
1071 2328 1121 2358 vel
1143 2328 1208 2358 ind‘
1304 2338 1382 2366 1254
1410 2327 1572 2358 molestus

239 2376 292 2408 (sc.
312 2371 373 2410 sis)
392 2372 451 2402 alii
586 2382 669 2410 1259
692 2382 736 2402 an
755 2373 944 2402 conseruo?
1084 2373 1166 2403 1260
1191 2372 1267 2402 sorti
1284 2371 1349 2403 cod.
1491 2372 1574 2402 1266

237 2414 338 2446 immo
358 2416 471 2455 potius
487 2415 553 2446 cod.
571 2426 576 2444 τ
604 2415 675 2447 tras.
702 2414 791 2451 Reis,
812 2414 928 2459 Specht
948 2415 1005 2447 ‘tle
1022 2417 1126 2447 {mmo
1137 2415 1301 2456 particula
1313 2414 1320 2426 ‘
1338 2425 1368 2454 p.
1391 2425 1433 2454 49
