1747 2740
188 133 241 171 II.

202 846 241 881 70

200 1235 238 1271 75

197 1562 241 1594 80

262 132 291 169 ii
682 135 728 172 T.
762 134 943 173 MACCI
976 135 1180 174 PLAVTI

261 244 315 284 ait
335 244 445 284 illurn
466 247 543 285 hoc
563 254 680 297 pacto
701 246 775 284 sibi
795 247 939 285 dixisse
960 254 1213 285 mortuom——

261 312 340 348 ΤΗ.
373 310 413 348 in
434 311 614 349 somnis?
656 313 732 349 TR.
766 312 907 350 mirum
930 312 1024 362 quin
1047 312 1222 361 uigilanti
1244 312 1403 360 diceret,

260 375 327 426 qui
348 376 494 414 abhinc
515 376 714 426 sexaginta
734 377 848 415 annis
869 376 1022 415 occisus
1046 378 1154 415 foret.

260 441 457 480 interdum
480 441 612 492 inepte
634 444 775 480 stultus
797 456 838 481 cs
897 457 915 476 ss
976 456 994 475 ss
1054 455 1072 475 *
1133 456 1151 476 *
1618 456 1684 492 495

226 523 236 529 ·
260 509 339 545 TH.
372 515 494 546 taceo.
555 510 631 546 Tiz.
664 509 734 546 sed
756 522 848 546 ecce
869 522 971 558 quae
992 507 1046 546 illi
1067 508 1106 546 in
1166 522 1184 541 *
1244 523 1262 543 *

261 575 270 593 ‘
284 586 358 622 ego
378 573 660 611 transmarinus
683 574 828 623 hospes
849 587 936 611 sum
961 573 1210 624 Diapontius.

259 637 323 676 hic
345 637 492 685 habito,
516 637 615 676 hae'c
638 638 733 675 mihi
757 637 892 676 dedita
912 646 971 677 est
991 638 1194 677 habitatio.

259 717 350 741 nam
374 717 436 742 me
457 704 752 741 Aecheruntem
775 703 947 753 recipere
968 704 1094 742 Orcus
1115 703 1253 752 noluit,

259 768 352 818 quia
372 776 617 818 praemature
639 768 720 806 uita
741 781 866 807 careo.
927 782 995 819 per
1015 770 1136 807 fidem
1618 781 1687 818 500

260 834 451 883 deceptus
472 847 559 871 sum
577 848 583 871 :
615 834 760 883 hospes
783 846 846 871 me
867 833 931 871 hic
953 833 1109 871 necauit
1130 833 1242 884 isque
1263 848 1327 873 me

260 897 412 936 defodit
433 897 674 948 insepultum
695 898 797 936 clam
821 895 1009 950 [ibidem]
1031 898 1070 936 in
1091 898 1199 937 hisce
1219 899 1397 947 aedibus,

259 965 459 1011 scelestus,
482 963 564 1002 auri
586 977 734 1002 caussa.
796 977 902 1002 nunc
923 971 964 1001 tu
986 963 1078 1002 hinc
1100 964 1255 1014 emigra.

260 1031 473 1069 †scelestae
494 1031 593 1069 hae†
615 1037 705 1068 sunt
726 1030 856 1075 aedes,
881 1028 987 1079 inpia
1007 1037 1065 1067 est
1087 1029 1303 1068 habitatio.’

260 1108 362 1145 quae
382 1095 446 1133 hic
468 1103 643 1134 monstra
662 1096 762 1133 fiunt
782 1108 889 1133 anno
909 1094 974 1133 uix
994 1108 1156 1145 possum
1178 1095 1321 1145 eloqui.
1620 1106 1684 1143 505

259 1162 338 1199 ΤΗ.
371 1169 416 1208 st,
440 1164 496 1199 st!

259 1228 335 1265 TR.
369 1227 478 1277 quid,
492 1240 657 1277 opsecro
679 1227 821 1273 hercle,
837 1227 985 1264 factum
1006 1227 1094 1265 est?
1132 1227 1211 1264 TH.
1240 1227 1470 1277 concrepuit
1491 1227 1593 1266 foris.

258 1293 335 1330 TR.
368 1291 475 1330 hicin
496 1292 687 1342 percussit
705 1295 710 1330 l
753 1293 833 1329 ΤΗ.
864 1299 1015 1341 guttam
1037 1292 1144 1330 haud
1165 1292 1295 1330 habeo
1316 1292 1528 1343 sanguinis,

260 1357 395 1396 uiuom
418 1371 481 1396 me
501 1365 707 1396 accersunt
730 1358 1023 1395 Accheruntem
1046 1357 1201 1395 mortui.

259 1425 336 1461 TR.
368 1423 463 1474 perii
482 1426 488 1461 ἕ
518 1422 640 1461 illisce
661 1422 782 1461 hodie
804 1423 906 1460 hanc
927 1423 1222 1461 conturbabunt
1243 1422 1428 1461 fabulam.
1616 1433 1683 1469 5ιο

260 1488 368 1526 nimi'
389 1502 507 1539 quam
529 1488 699 1527 formido
721 1501 771 1526 ne
792 1489 1016 1526 manufesto
1038 1487 1102 1526 hic
1123 1501 1186 1526 me
1207 1488 1414 1538 opprimat.

260 1555 338 1592 TH.
372 1554 468 1604 quid
490 1562 572 1592 tute
593 1561 724 1592 tecum
746 1554 938 1603 loquere?
980 1555 1057 1590 TR.
1089 1554 1260 1602 apscede
1280 1553 1330 1591 ab
1351 1553 1478 1592 ianua.

259 1621 358 1668 fuge,
382 1633 547 1670 opsecro
568 1621 709 1658 hercle.
770 1621 849 1656 ΤΗ.
882 1624 962 1669 quo
983 1618 1159 1669 fugiam?
1188 1618 1305 1657 etiam
1327 1626 1368 1657 tu
1390 1620 1488 1669 fuge.

257 1685 332 1723 TR.
366 1684 462 1722 nihil
483 1698 556 1735 ego
577 1684 758 1732 formido,
782 1698 857 1734 pax
880 1684 976 1722 mihi
997 1692 1056 1722 est
1076 1697 1165 1722 cum
1189 1683 1362 1723 mortuis.

258 1751 385 1788 INTvs
415 1752 523 1797 heus,
546 1750 694 1789 Tranio
712 1753 718 1788 1
762 1752 839 1789 TR.
872 1764 953 1789 non
974 1764 1038 1788 me
1057 1750 1275 1800 appellabis
1296 1749 1326 1789 si
1348 1750 1462 1802 sapis.
1612 1759 1676 1795 515

256 1815 353 1853 nihil
374 1829 447 1866 ego
467 1815 685 1855 commerui
706 1829 837 1867 neque
858 1816 950 1854 istas
971 1816 1144 1866 percussi
1166 1816 1278 1855 fores.

299 1930 364 1960 493
388 1921 467 1960 quin
481 1920 639 1961 Pylades:
659 1922 715 1962 qui
730 1921 795 1953 sod.
895 1924 960 1961 496
977 1922 1031 1953 ille
1045 1922 1152 1962 inquit
1163 1921 1207 1952 Β2
1306 1923 1416 1961 495—6
1431 1921 1590 1952 lacunam

256 1965 289 1995 in
312 1963 368 1994 ΡΑ
392 1965 445 2005 (cs.
472 1976 521 1996 vv.
541 1966 667 2005 517-8)
691 1967 736 1996 sic
757 1965 889 2007 explevit
914 1966 1048 1999 Sclmcll.
1079 1967 1171 2007 (495χῚ
1199 1965 1472 2005 Theopropides.
1492 1967 1587 2005 (49όῆ

256 2009 384 2040 somnis
403 2014 553 2040 mortuos
709 2011 773 2049 498
798 2010 918 2041 habeto
938 2010 1013 2040 ΡΠ)
1037 2011 1104 2050 “pro
1121 2010 1229 2040 habeo
1242 2010 1265 2043 ὃ
1375 2009 1488 2040 dedita
1506 2010 1588 2041 haec

257 2053 338 2082 mihi
363 2059 414 2083 est
438 2053 551 2092 Bothe,
577 2055 631 2084 cui
649 2055 759 2084 ln'atns
780 2054 814 2084 in
834 2059 944 2094 pausa
965 2054 1104 2093 displicet
1249 2064 1313 2092 499
1338 2063 1412 2083 nam
1439 2053 1493 2083 ine
1517 2053 1588 2083 ΡΠ)

255 2097 379 2127 orchus
397 2096 462 2128 cod.
584 2108 649 2137 500
673 2099 776 2128 hareo
793 2097 858 2128 cod.
882 2098 959 2137 (pro
980 2098 1121 2129 KAREm
1144 2098 1236 2134 (corr.
1258 2096 1321 2137 82)
1445 2106 1505 2135 501
1534 2098 1587 2127 hic

257 2151 309 2170 me
327 2140 416 2171 cod.:
441 2144 564 2182 transp.
587 2140 720 2172 Gm'ctus
853 2150 915 2179 502
942 2142 1066 2172 ibidem
1084 2141 1141 2172 del.
1161 2141 1290 2180 Bentley
1421 2150 1485 2180 504
1500 2140 1582 2180 fort.

254 2185 417 2215 scelestae·
434 2190 512 2216 sunt
532 2196 609 2216 *onu
630 2187 708 2218 hae)
779 2185 879 2224 impla
897 2185 961 2216 cod.
1075 2195 1137 2224 505
1164 2185 1309 2215 monitra
1326 2184 1389 2216 cod.
1425 2195 1503 2214 corr.
1524 2184 1585 2214 B2'N

253 2229 317 2267 506
341 2233 371 2258 st
388 2234 418 2259 st
438 2228 618 2260 Gran-rus:
644 2234 732 2259 setet
752 2229 862 2268 (sedet
883 2227 960 2258 PCD
995 2227 1059 2258 cod.
1090 2230 1125 2265 ti.
1143 2229 1173 2261 8.
1195 2239 1225 2268 p.
1247 2229 1303 2267 275
1429 2228 1591 2258 Tranioni

252 2272 423 2302 continuat
437 2272 502 2303 cod.
662 2283 725 2312 507
751 2272 834 2313 Tim]
854 2272 903 2302 vel
917 2271 982 2302 ΤΗ.
1075 2272 1158 2313 Ta]
1185 2272 1234 2302 vel
1255 2272 1317 2303 Ta.
1410 2272 1502 2302 sores
1517 2271 1583 2302 cod.

255 2316 347 2351 (corr.
364 2315 425 2345 B-‘x
528 2317 592 2355 508
617 2317 678 2347 TR.
689 2316 699 2351 ’ἶ
714 2316 763 2347 vel
774 2315 876 2346 Iers
945 2316 1055 2345 hicine
1070 2315 1135 2346 cod.
1243 2326 1307 2355 509
1330 2315 1371 2345 ad
1386 2315 1584 2345 cheruntem

256 2359 312 2397 (ad
331 2360 548 2390 acheruntem
569 2361 611 2390 lx*
631 2360 696 2390 cod.
819 2369 882 2398 510
908 2360 990 2398 perii
1011 2360 1112 2398 (pc—ri*
1133 2358 1207 2390 Ital.
1227 2371 1234 2389 z
1259 2369 1320 2399 per
1336 2358 1401 2389 cod.
1521 2369 1580 2397 5¹1

253 2403 446 2442 opprimant
465 2404 536 2433 PU)
641 2413 704 2442 512
731 2408 802 2433 tute
820 2408 928 2433 tecum
949 2402 1077 2432 Mcrnla
1094 2414 1100 2432 z
1126 2408 1158 2432 te
1176 2407 1209 2432 tu
1228 2412 1302 2432 cum
1321 2402 1386 2432 cod.
1407 2407 1457 2435 {tu
1475 2406 1584 2432 tecum

253 2445 311 2486 B2)
331 2448 382 2486 (cs.
405 2457 461 2486 55¹
478 2456 480 2466 '¹
577 2456 638 2486 513
664 2457 747 2486 quor
763 2446 866 2477 Bothe
933 2446 1030 2484 suges
1046 2446 1111 2476 cod.
1210 2447 1273 2486 5ιὸ
1289 2446 1500 2485 quommerui
1515 2445 1582 2479 cod,
