1747 2740
702 94 1024 132 PSEVDOLVS
1500 95 1530 134 Ι.
1551 95 1581 133 ii

356 208 508 259 δύναμιν
526 206 636 247 domi
656 207 805 246 habent
826 220 1063 246 maxumam.

354 274 386 313 si
409 274 504 312 mihi
525 287 605 312 non
626 273 703 311 iam
725 274 804 311 huc
824 272 961 311 culleis

354 341 486 378 oleum
507 340 759 389 deportatum
781 337 863 385 erit,

192 413 230 443 te
250 404 377 455 ipsam
398 406 526 443 culleo
547 417 622 454 ego
642 417 726 442 cras
747 403 888 441 faciam
910 410 953 441 ut
973 404 1180 453 deportere
1202 403 1240 440 in
1262 405 1462 453 pergulam
1482 419 1489 449 ;
1550 413 1589 453 85

104 480 169 517 215
191 470 246 508 ibi
267 469 337 508 tibi
353 471 456 508 adeo
469 471 593 508 lectus
610 468 768 507 dabitur
783 467 852 506 ubi
866 476 907 506 tu
922 470 1000 506 hau
1014 482 1198 507 somnum
1217 469 1359 519 capias,
1376 471 1445 507 sed
1463 468 1529 507 ubi

354 548 480 585 usque
500 535 551 573 ad
572 536 971 584 languorem—tenes

353 613 433 650 quo
455 613 496 638 se
516 601 615 638 haec
636 600 802 638 tendant
823 612 925 649 quae
945 600 1097 649 loquor.

190 666 266 714 ain,
290 673 444 704 excetra
464 666 536 703 tu?
565 678 668 715 quae
688 664 759 703 tibi
780 664 931 703 amieos
953 672 1011 703 tot
1038 666 1161 704 habes
1182 673 1263 704 tam
1291 666 1415 716 probe
1443 667 1531 704 oleo

1352 740 1527 778 onustos,

245 810 340 835 num
362 795 566 847 quoipiam
588 803 647 834 est
668 795 789 834 hodie
810 803 877 834 tua
898 803 1056 834 tuorum
1078 796 1198 846 opera
1219 809 1502 835 conseruorum
1550 808 1594 840 90

103 877 174 902 220
190 862 490 901 nitidiusculum
511 864 660 912 caput?
688 864 755 900 aut
776 875 871 899 num
890 861 973 911 ipse
990 875 1063 912 ego
1079 864 1286 912 pulmento
1303 870 1391 900 utor
1407 862 1530 912 magis

190 928 471 966 unctiusculo?
511 929 581 966 sed
603 927 696 975 scio,
720 935 762 966 tu
784 928 916 966 oleum
938 929 1015 966 hau
1038 928 1169 978 magni
1191 928 1344 978 pendiS,
1368 928 1462 967 uino

351 1001 390 1032 te
411 993 600 1032 deuincis.
661 992 745 1031 sine
765 994 900 1041 modo,

189 1061 478 1110 reprehendam
499 1072 572 1109 ego
602 1067 744 1097 cuncta
774 1060 905 1097 hercle
936 1072 1015 1097 una
1042 1072 1175 1109 opera,
1196 1059 1269 1097 nisi
1298 1060 1459 1110 quidem
1488 1068 1530 1098 tu

1277 1127 1375 1163 haec
1396 1125 1530 1164 omnia

354 1190 448 1229 facis
469 1191 619 1228 ecfecta
639 1202 742 1240 quae
761 1191 913 1240 loquor.
1551 1200 1592 1232 95

104 1269 168 1306 225
190 1263 232 1294 tu
252 1263 387 1295 autem
403 1269 506 1306 quae
526 1269 597 1306 pro
617 1254 746 1305 capite
764 1262 971 1304 argentum
989 1255 1086 1294 mihi
1106 1255 1184 1294 iam
1201 1255 1360 1306 iamque
1376 1269 1531 1306 semper

703 1308 707 1314 ⁵
1333 1336 1530 1369 numeras,

189 1401 236 1426 ea
255 1387 401 1438 pacisci
423 1388 546 1425 modo
566 1386 654 1433 scis,
676 1387 747 1425 sed
767 1387 877 1436 quod
899 1394 1014 1437 pacta
1035 1400 1076 1425 es
1097 1400 1178 1425 non
1200 1387 1275 1425 scis
1298 1389 1462 1435 soluere,

245 1453 516 1499 Phoenicium,
554 1452 626 1490 tibi
657 1465 731 1502 ego
770 1453 868 1490 haec
903 1454 1054 1502 loquor,
1088 1452 1254 1491 deliciae
1286 1461 1527 1492 summatum

1377 1519 1504 1557 uirum
1522 1536 1529 1558 :

189 1585 264 1623 nisi
284 1585 405 1623 hodie
425 1584 479 1622 mi
500 1598 547 1622 cx
567 1583 700 1623 fundis
720 1591 880 1622 tuorum
906 1583 1123 1622 amicorum
1153 1597 1273 1623 omne
1298 1585 1376 1622 huc
1403 1598 1529 1635 penus

1343 1651 1527 1701 adfertur,

191 1731 275 1756 cras
296 1716 556 1755 Phoenicium
579 1714 772 1766 poeniceo
793 1715 901 1754 corio
922 1715 1068 1754 inuises
1090 1717 1303 1767 pergulam.
1554 1731 1614 1753 100

302 1807 631 1845 CALinons
755 1806 1084 1843 PSEVDOLvs
1197 1807 1410 1843 BALLlo
1550 1806 1594 1842 iii

106 1894 174 1928 230
303 1883 419 1922 CAL1.
453 1883 660 1929 Pseudole‚
696 1895 778 1920 non
812 1881 926 1920 audis
959 1896 1061 1932 quae
1093 1882 1158 1921 hic
1193 1882 1396 1933 loquitur?
1465 1885 1527 1921 Ps.

548 1947 680 1995 audio,
703 1961 777 1994 ere,
801 1947 988 1997 equidem
1009 1955 1129 1998 atque
1149 1948 1327 1986 animum
1348 1950 1526 1988 aduorto.

235 2063 295 2085 211
323 2055 423 2084 domo
441 2053 473 2084 A
587 2064 649 2084 212
675 2054 752 2085 huic
771 2055 890 2086 cullius
906 2055 938 2086 P
1050 2065 1113 2094 213
1139 2055 1203 2085 erit
1219 2066 1285 2086 om.
1303 2053 1337 2084 P
1467 2064 1528 2094 217

191 2099 247 2129 vix
277 2108 384 2138 quose
419 2099 470 2135 (ut
495 2107 650 2136 quosum,
683 2100 860 2138 quorsum)
1005 2100 1069 2129 218
1094 2099 1164 2139 ain]
1200 2109 1242 2128 en
1272 2098 1306 2128 Ρ
1391 2101 1530 2129 excetra

191 2141 331 2183 displm’!
421 2140 502 2180 fort.
522 2142 578 2172 ain
597 2143 681 2179 la‘in)
701 2143 751 2173 vel
765 2147 854 2173 (ux-tra
873 2154 1006 2174 versum
1026 2144 1076 2174 vel
1091 2144 1124 2173 1'11
1133 2143 1207 2182 fine
1225 2153 1254 2173 v.
1276 2152 1338 2180 224
1357 2142 1527 2173 collocand.

191 2187 355 2217 honestos
367 2185 399 2215 A
500 2195 564 2224 219
588 2187 721 2226 cupiam
737 2186 770 2216 Ρ
837 2187 940 2218 hodie
951 2193 1029 2219 etua
1040 2186 1074 2217 Ρ
1089 2188 1162 2228 (pro
1176 2186 1335 2217 hodi&ua
1347 2188 1372 2226 2)
1465 2197 1529 2216 220

191 2230 430 2261 nitidissimum
459 2229 491 2260 Ρ
650 2240 712 2261 222
738 2231 881 2270 deungis
912 2231 1089 2262 Acidalins
1254 2241 1318 2269 223
1344 2231 1527 2269 rependam

190 2274 355 2314 Angelius
443 2284 507 2313 ego
526 2278 648 2305 cuncta
665 2275 781 2305 hercle
798 2274 850 2306 P:
875 2286 940 2314 ego
965 2275 1079 2306 hercle
1101 2286 1165 2314 ego
1188 2280 1310 2306 cuncta
1327 2275 1359 2304 A
1379 2287 1384 2304 :
1411 2273 1527 2304 hercle

191 2329 255 2358 ego
271 2324 392 2349 cuncta
413 2318 534 2348 Usener
635 2328 667 2350 n.
687 2330 717 2359 q.
744 2319 845 2350 hodie
869 2324 903 2349 tu
929 2320 1042 2350 onmia
1092 2319 1187 2350 Facis
1211 2319 1357 2350 scelesta
1382 2318 1465 2348 haec
1491 2323 1526 2348 ut

191 2362 311 2401 loquor
327 2362 359 2392 Ρ
477 2372 539 2401 225
565 2373 675 2402 seper
692 2362 724 2392 A
744 2375 750 2394 :
775 2373 858 2402 sepe
876 2362 908 2392 P
1017 2373 1078 2402 227
1106 2363 1189 2393 haec
1207 2373 1271 2402 ego
1289 2362 1321 2393 Ρ
1410 2372 1524 2391 uerum

190 2406 223 2436 A
371 2416 435 2445 229
460 2407 617 2446 phoenici
649 2407 831 2445 phoenicio
856 2407 889 2437 Ρ
987 2406 1117 2437 inuisus
1152 2407 1184 2438 A
1344 2416 1408 2445 230
1433 2405 1525 2436 nulla

191 2461 275 2484 nova
287 2461 401 2484 scaena
418 2450 450 2480 A
543 2451 622 2484 audi
640 2460 717 2482 cere
734 2450 767 2483 Ρ
780 2469 787 2485 χ
795 2461 872 2481 corr.
892 2449 941 2488 D)
1374 2447 1379 2449 ⁴
