<?xml version="1.0" encoding="UTF-8"?>
<!DOCTYPE html PUBLIC "-//W3C//DTD XHTML 1.0 Transitional//EN"
    "http://www.w3.org/TR/xhtml1/DTD/xhtml1-transitional.dtd">
<html xmlns="http://www.w3.org/1999/xhtml" xml:lang="en" lang="en">
 <head>
  <title>
</title>
<meta http-equiv="Content-Type" content="text/html;charset=utf-8" />
  <meta name='ocr-system' content='tesseract 3.04.00' />
  <meta name='ocr-capabilities' content='ocr_page ocr_carea ocr_par ocr_line ocrx_word'/>
</head>
<body>
  <div class='ocr_page' id='page_1' title='image "./comoediaerecogno02plau_0578.png"; bbox 0 0 1747 2740; ppageno 0'>
   <div class='ocr_carea' id='block_1_1' title="bbox 170 252 206 273">
    <p class='ocr_par' dir='ltr' id='par_1_1' title="bbox 170 252 206 273">
     <span class='ocr_line' id='line_1_1' title="bbox 170 252 206 273; baseline -0.028 0"><span class='ocrx_word' id='word_1_1' title='bbox 170 252 206 273; x_wconf 91' lang='lat' dir='ltr'>lv</span> 
     </span>
    </p>
   </div>
   <div class='ocr_carea' id='block_1_2' title="bbox 648 117 1151 156">
    <p class='ocr_par' dir='ltr' id='par_1_2' title="bbox 648 117 1151 156">
     <span class='ocr_line' id='line_1_2' title="bbox 648 117 1151 156; baseline 0 0"><span class='ocrx_word' id='word_1_2' title='bbox 648 118 694 156; x_wconf 90' lang='lat' dir='ltr'>T.</span> <span class='ocrx_word' id='word_1_3' title='bbox 729 117 911 156; x_wconf 88' lang='lat' dir='ltr'>MACCI</span> <span class='ocrx_word' id='word_1_4' title='bbox 945 117 1151 156; x_wconf 92' lang='lat' dir='ltr'><strong>PLAVTI</strong></span> 
     </span>
    </p>
   </div>
   <div class='ocr_carea' id='block_1_3' title="bbox 225 229 1253 281">
    <p class='ocr_par' dir='ltr' id='par_1_3' title="bbox 225 229 1253 281">
     <span class='ocr_line' id='line_1_3' title="bbox 225 229 1253 281; baseline -0.002 -10"><span class='ocrx_word' id='word_1_5' title='bbox 225 264 231 271; x_wconf 98' lang='lat'>.</span> <span class='ocrx_word' id='word_1_6' title='bbox 256 264 263 271; x_wconf 90' lang='lat'>.</span> <span class='ocrx_word' id='word_1_7' title='bbox 288 231 526 271; x_wconf 81' lang='lat' dir='ltr'>Terebratus</span> <span class='ocrx_word' id='word_1_8' title='bbox 548 232 716 269; x_wconf 86' lang='lat' dir='ltr'>multum</span> <span class='ocrx_word' id='word_1_9' title='bbox 739 229 786 268; x_wconf 84' lang='lat' dir='ltr'>sit</span> <span class='ocrx_word' id='word_1_10' title='bbox 808 237 846 269; x_wconf 86' lang='lat' dir='ltr'>et</span> <span class='ocrx_word' id='word_1_11' title='bbox 867 231 1086 281; x_wconf 85' lang='lat' dir='ltr'>supscudes</span> <span class='ocrx_word' id='word_1_12' title='bbox 1107 230 1253 270; x_wconf 86' lang='lat' dir='ltr'>addite.</span> 
     </span>
    </p>
   </div>
   <div class='ocr_carea' id='block_1_4' title="bbox 183 295 882 347">
    <p class='ocr_par' dir='ltr' id='par_1_4' title="bbox 183 295 882 347">
     <span class='ocr_line' id='line_1_4' title="bbox 183 295 882 347; baseline -0.001 -12"><span class='ocrx_word' id='word_1_13' title='bbox 183 315 205 335; x_wconf 85' lang='lat' dir='ltr'>v</span> <span class='ocrx_word' id='word_1_14' title='bbox 224 299 397 337; x_wconf 75' lang='lat' dir='ltr'>Terebra</span> <span class='ocrx_word' id='word_1_15' title='bbox 419 305 459 336; x_wconf 85' lang='lat' dir='ltr'>tu</span> <span class='ocrx_word' id='word_1_16' title='bbox 481 296 644 347; x_wconf 83' lang='lat' dir='ltr'>quidem</span> <span class='ocrx_word' id='word_1_17' title='bbox 667 295 882 347; x_wconf 84' lang='lat' dir='ltr'>pertundis.</span> 
     </span>
    </p>
   </div>
   <div class='ocr_carea' id='block_1_5' title="bbox 155 361 1630 578">
    <p class='ocr_par' dir='ltr' id='par_1_5' title="bbox 155 361 1630 578">
     <span class='ocr_line' id='line_1_5' title="bbox 169 361 1630 414; baseline 0.002 -15"><span class='ocrx_word' id='word_1_18' title='bbox 169 378 204 399; x_wconf 90' lang='lat' dir='ltr'>v1</span> <span class='ocrx_word' id='word_1_19' title='bbox 227 366 331 402; x_wconf 82' lang='lat' dir='ltr'>Dare</span> <span class='ocrx_word' id='word_1_20' title='bbox 352 363 520 414; x_wconf 88' lang='lat' dir='ltr'>pedibus</span> <span class='ocrx_word' id='word_1_21' title='bbox 542 362 738 413; x_wconf 78' lang='lat' dir='ltr'>protinam</span> <span class='ocrx_word' id='word_1_22' title='bbox 760 376 846 400; x_wconf 84' lang='lat' dir='ltr'>sese</span> <span class='ocrx_word' id='word_1_23' title='bbox 867 362 917 400; x_wconf 85' lang='lat' dir='ltr'>ab</span> <span class='ocrx_word' id='word_1_24' title='bbox 938 361 998 400; x_wconf 84' lang='lat' dir='ltr'>his</span> <span class='ocrx_word' id='word_1_25' title='bbox 1019 361 1244 413; x_wconf 78' lang='lat' dir='ltr'>regionibus</span> <span class='ocrx_word' id='word_1_26' title='bbox 1591 375 1630 413; x_wconf 79' lang='lat'>15</span> 
     </span>
     <span class='ocr_line' id='line_1_6' title="bbox 155 429 811 478; baseline 0 -12"><span class='ocrx_word' id='word_1_27' title='bbox 155 444 205 466; x_wconf 74' lang='grc' dir='ltr'>νη</span> <span class='ocrx_word' id='word_1_28' title='bbox 656 429 811 478; x_wconf 84' lang='lat' dir='ltr'>apluda.</span> 
     </span>
     <span class='ocr_line' id='line_1_7' title="bbox 765 539 1019 578; baseline 0.004 -2"><span class='ocrx_word' id='word_1_29' title='bbox 765 539 1019 578; x_wconf 82' lang='lat' dir='ltr'><strong>BACARIA</strong></span> 
     </span>
    </p>
   </div>
   <div class='ocr_carea' id='block_1_6' title="bbox 180 886 197 914">
    <p class='ocr_par' dir='ltr' id='par_1_6' title="bbox 180 886 197 914">
     <span class='ocr_line' id='line_1_8' title="bbox 180 886 197 914; baseline 0 0"><span class='ocrx_word' id='word_1_30' title='bbox 180 886 197 914; x_wconf 85' lang='lat'>5</span> 
     </span>
    </p>
   </div>
   <div class='ocr_carea' id='block_1_7' title="bbox 186 1060 198 1082">
    <p class='ocr_par' dir='ltr' id='par_1_7' title="bbox 186 1060 198 1082">
     <span class='ocr_line' id='line_1_9' title="bbox 186 1060 198 1082; baseline 0 0"><span class='ocrx_word' id='word_1_31' title='bbox 186 1060 198 1082; x_wconf 91' lang='lat'>1</span> 
     </span>
    </p>
   </div>
   <div class='ocr_carea' id='block_1_8' title="bbox 178 1325 195 1356">
    <p class='ocr_par' dir='ltr' id='par_1_8' title="bbox 178 1325 195 1356">
     <span class='ocr_line' id='line_1_10' title="bbox 178 1325 195 1356; baseline 0 0"><span class='ocrx_word' id='word_1_32' title='bbox 178 1325 195 1356; x_wconf 85' lang='lat'>5</span> 
     </span>
    </p>
   </div>
   <div class='ocr_carea' id='block_1_9' title="bbox 170 1694 196 1716">
    <p class='ocr_par' dir='ltr' id='par_1_9' title="bbox 170 1694 196 1716">
     <span class='ocr_line' id='line_1_11' title="bbox 170 1694 196 1716; baseline -0.038 0"><span class='ocrx_word' id='word_1_33' title='bbox 170 1694 196 1716; x_wconf 84' lang='lat'>11</span> 
     </span>
    </p>
   </div>
   <div class='ocr_carea' id='block_1_10' title="bbox 218 608 1628 912">
    <p class='ocr_par' dir='ltr' id='par_1_10' title="bbox 218 608 1628 912">
     <span class='ocr_line' id='line_1_12' title="bbox 384 608 1167 658; baseline -0.003 -9"><span class='ocrx_word' id='word_1_34' title='bbox 384 612 627 649; x_wconf 80' lang='lat' dir='ltr'>PARAS1Tvs.</span> <span class='ocrx_word' id='word_1_35' title='bbox 661 609 761 658; x_wconf 81' lang='lat' dir='ltr'>Quis</span> <span class='ocrx_word' id='word_1_36' title='bbox 783 617 841 648; x_wconf 84' lang='lat' dir='ltr'>est</span> <span class='ocrx_word' id='word_1_37' title='bbox 862 608 1037 647; x_wconf 81' lang='lat' dir='ltr'>mortalis</span> <span class='ocrx_word' id='word_1_38' title='bbox 1058 616 1167 648; x_wconf 83' lang='lat' dir='ltr'>tanta</span> 
     </span>
     <span class='ocr_line' id='line_1_13' title="bbox 670 676 1239 726; baseline 0.002 -13"><span class='ocrx_word' id='word_1_39' title='bbox 670 677 826 715; x_wconf 82' lang='lat' dir='ltr'>fortuna</span> <span class='ocrx_word' id='word_1_40' title='bbox 846 676 1026 714; x_wconf 83' lang='lat' dir='ltr'>adfectus</span> <span class='ocrx_word' id='word_1_41' title='bbox 1047 689 1239 726; x_wconf 86' lang='lat' dir='ltr'>umquam</span> 
     </span>
     <span class='ocr_line' id='line_1_14' title="bbox 273 740 1541 792; baseline 0.001 -12"><span class='ocrx_word' id='word_1_42' title='bbox 273 754 351 791; x_wconf 78' lang='lat' dir='ltr'>qua</span> <span class='ocrx_word' id='word_1_43' title='bbox 372 755 479 780; x_wconf 87' lang='lat' dir='ltr'>nune</span> <span class='ocrx_word' id='word_1_44' title='bbox 500 755 573 791; x_wconf 85' lang='lat' dir='ltr'>ego</span> <span class='ocrx_word' id='word_1_45' title='bbox 594 755 692 788; x_wconf 79' lang='lat' dir='ltr'>sum,</span> <span class='ocrx_word' id='word_1_46' title='bbox 717 740 874 791; x_wconf 82' lang='lat' dir='ltr'>quoiius</span> <span class='ocrx_word' id='word_1_47' title='bbox 895 742 994 779; x_wconf 82' lang='lat' dir='ltr'>haec</span> <span class='ocrx_word' id='word_1_48' title='bbox 1015 740 1142 779; x_wconf 88' lang='lat' dir='ltr'>uentri</span> <span class='ocrx_word' id='word_1_49' title='bbox 1163 748 1340 791; x_wconf 84' lang='lat' dir='ltr'>portatur</span> <span class='ocrx_word' id='word_1_50' title='bbox 1360 743 1541 792; x_wconf 85' lang='lat' dir='ltr'>pompa?</span> 
     </span>
     <span class='ocr_line' id='line_1_15' title="bbox 218 805 1565 859; baseline 0.001 -13"><span class='ocrx_word' id='word_1_51' title='bbox 218 809 281 846; x_wconf 88' lang='lat' dir='ltr'>uel</span> <span class='ocrx_word' id='word_1_52' title='bbox 303 821 410 846; x_wconf 88' lang='lat' dir='ltr'>nune</span> <span class='ocrx_word' id='word_1_53' title='bbox 430 806 497 857; x_wconf 86' lang='lat' dir='ltr'>qui</span> <span class='ocrx_word' id='word_1_54' title='bbox 520 806 572 844; x_wconf 87' lang='lat' dir='ltr'>mi</span> <span class='ocrx_word' id='word_1_55' title='bbox 595 806 634 844; x_wconf 88' lang='lat' dir='ltr'>in</span> <span class='ocrx_word' id='word_1_56' title='bbox 657 808 753 844; x_wconf 77' lang='lat' dir='ltr'>mari</span> <span class='ocrx_word' id='word_1_57' title='bbox 773 805 977 857; x_wconf 78' lang='lat' dir='ltr'>acipenser</span> <span class='ocrx_word' id='word_1_58' title='bbox 997 806 1110 845; x_wconf 81' lang='lat' dir='ltr'>latuit</span> <span class='ocrx_word' id='word_1_59' title='bbox 1129 808 1310 854; x_wconf 82' lang='lat' dir='ltr'>antehae,</span> <span class='ocrx_word' id='word_1_60' title='bbox 1326 807 1470 857; x_wconf 88' lang='lat' dir='ltr'>quoius</span> <span class='ocrx_word' id='word_1_61' title='bbox 1490 821 1565 859; x_wconf 86' lang='lat' dir='ltr'>ego</span> 
     </span>
     <span class='ocr_line' id='line_1_16' title="bbox 326 871 1628 912; baseline 0.001 -1"><span class='ocrx_word' id='word_1_62' title='bbox 326 874 427 911; x_wconf 81' lang='lat' dir='ltr'>latus</span> <span class='ocrx_word' id='word_1_63' title='bbox 449 871 489 910; x_wconf 90' lang='lat' dir='ltr'>in</span> <span class='ocrx_word' id='word_1_64' title='bbox 510 872 679 911; x_wconf 79' lang='lat' dir='ltr'>latebras</span> <span class='ocrx_word' id='word_1_65' title='bbox 700 873 864 911; x_wconf 77' lang='lat' dir='ltr'>reddam</span> <span class='ocrx_word' id='word_1_66' title='bbox 887 871 985 911; x_wconf 87' lang='lat' dir='ltr'>meis</span> <span class='ocrx_word' id='word_1_67' title='bbox 1005 871 1193 911; x_wconf 84' lang='lat' dir='ltr'>dentibus</span> <span class='ocrx_word' id='word_1_68' title='bbox 1214 879 1253 911; x_wconf 90' lang='lat' dir='ltr'>et</span> <span class='ocrx_word' id='word_1_69' title='bbox 1274 872 1469 912; x_wconf 84' lang='lat' dir='ltr'>manibus.</span> <span class='ocrx_word' id='word_1_70' title='bbox 1583 886 1628 912; x_wconf 87' lang='lat'>20</span> 
     </span>
    </p>
   </div>
   <div class='ocr_carea' id='block_1_11' title="bbox 764 977 1018 1017">
    <p class='ocr_par' dir='ltr' id='par_1_11' title="bbox 764 977 1018 1017">
     <span class='ocr_line' id='line_1_17' title="bbox 764 977 1018 1017; baseline -0.004 -1"><span class='ocrx_word' id='word_1_71' title='bbox 764 977 1018 1017; x_wconf 90' lang='lat' dir='ltr'><strong>BOEOTIA</strong></span> 
     </span>
    </p>
   </div>
   <div class='ocr_carea' id='block_1_12' title="bbox 216 1048 1624 1627">
    <p class='ocr_par' dir='ltr' id='par_1_12' title="bbox 217 1048 1518 1167">
     <span class='ocr_line' id='line_1_18' title="bbox 219 1048 1518 1101; baseline 0.002 -13"><span class='ocrx_word' id='word_1_72' title='bbox 219 1051 461 1088; x_wconf 77' lang='lat' dir='ltr'>PARAslTVS.</span> <span class='ocrx_word' id='word_1_73' title='bbox 495 1051 548 1088; x_wconf 88' lang='lat' dir='ltr'>Vt</span> <span class='ocrx_word' id='word_1_74' title='bbox 570 1048 679 1088; x_wconf 79' lang='lat' dir='ltr'>illum</span> <span class='ocrx_word' id='word_1_75' title='bbox 701 1048 742 1087; x_wconf 90' lang='lat' dir='ltr'>di</span> <span class='ocrx_word' id='word_1_76' title='bbox 763 1050 930 1099; x_wconf 81' lang='lat' dir='ltr'>perdant</span> <span class='ocrx_word' id='word_1_77' title='bbox 951 1048 1100 1100; x_wconf 89' lang='lat' dir='ltr'>primus</span> <span class='ocrx_word' id='word_1_78' title='bbox 1121 1048 1189 1100; x_wconf 85' lang='lat' dir='ltr'>qui</span> <span class='ocrx_word' id='word_1_79' title='bbox 1211 1049 1327 1089; x_wconf 81' lang='lat' dir='ltr'>horas</span> <span class='ocrx_word' id='word_1_80' title='bbox 1348 1049 1518 1101; x_wconf 88' lang='lat' dir='ltr'>repperit</span> 
     </span>
     <span class='ocr_line' id='line_1_19' title="bbox 217 1114 1117 1167; baseline -0.001 -13"><span class='ocrx_word' id='word_1_81' title='bbox 217 1115 367 1166; x_wconf 83' lang='lat' dir='ltr'>quique</span> <span class='ocrx_word' id='word_1_82' title='bbox 387 1117 489 1155; x_wconf 80' lang='lat' dir='ltr'>adeo</span> <span class='ocrx_word' id='word_1_83' title='bbox 510 1115 658 1167; x_wconf 88' lang='lat' dir='ltr'>primus</span> <span class='ocrx_word' id='word_1_84' title='bbox 680 1114 814 1153; x_wconf 81' lang='lat' dir='ltr'>statuit</span> <span class='ocrx_word' id='word_1_85' title='bbox 834 1115 899 1153; x_wconf 85' lang='lat' dir='ltr'>hie</span> <span class='ocrx_word' id='word_1_86' title='bbox 920 1115 1117 1162; x_wconf 81' lang='lat' dir='ltr'>solarium,</span> 
     </span>
    </p>

    <p class='ocr_par' dir='ltr' id='par_1_13' title="bbox 218 1180 1236 1231">
     <span class='ocr_line' id='line_1_20' title="bbox 218 1180 1236 1231; baseline 0.001 -12"><span class='ocrx_word' id='word_1_87' title='bbox 218 1180 285 1231; x_wconf 89' lang='lat' dir='ltr'>qui</span> <span class='ocrx_word' id='word_1_88' title='bbox 308 1181 403 1219; x_wconf 87' lang='lat' dir='ltr'>mihi</span> <span class='ocrx_word' id='word_1_89' title='bbox 425 1180 661 1220; x_wconf 83' lang='lat' dir='ltr'>comminuit</span> <span class='ocrx_word' id='word_1_90' title='bbox 682 1180 826 1219; x_wconf 88' lang='lat' dir='ltr'>misero</span> <span class='ocrx_word' id='word_1_91' title='bbox 845 1180 1081 1219; x_wconf 83' lang='lat' dir='ltr'><strong>articulatim</strong></span> <span class='ocrx_word' id='word_1_92' title='bbox 1102 1180 1208 1220; x_wconf 90' lang='lat' dir='ltr'>diem</span> <span class='ocrx_word' id='word_1_93' title='bbox 1229 1183 1236 1220; x_wconf 76' lang='lat'>1</span> 
     </span>
    </p>

    <p class='ocr_par' dir='ltr' id='par_1_14' title="bbox 217 1245 1019 1297">
     <span class='ocr_line' id='line_1_21' title="bbox 217 1245 1019 1297; baseline 0 -13"><span class='ocrx_word' id='word_1_94' title='bbox 217 1260 309 1285; x_wconf 79' lang='lat' dir='ltr'>nam</span> <span class='ocrx_word' id='word_1_95' title='bbox 331 1260 395 1285; x_wconf 88' lang='lat' dir='ltr'>me</span> <span class='ocrx_word' id='word_1_96' title='bbox 416 1259 540 1297; x_wconf 91' lang='lat' dir='ltr'>puero</span> <span class='ocrx_word' id='word_1_97' title='bbox 561 1245 699 1285; x_wconf 75' lang='lat' dir='ltr'>uenter</span> <span class='ocrx_word' id='word_1_98' title='bbox 719 1253 800 1285; x_wconf 81' lang='lat' dir='ltr'>erat</span> <span class='ocrx_word' id='word_1_99' title='bbox 821 1245 1019 1293; x_wconf 83' lang='lat' dir='ltr'>solarium,</span> 
     </span>
    </p>

    <p class='ocr_par' dir='ltr' id='par_1_15' title="bbox 216 1311 1624 1428">
     <span class='ocr_line' id='line_1_22' title="bbox 218 1311 1624 1362; baseline -0.001 -12"><span class='ocrx_word' id='word_1_100' title='bbox 218 1314 343 1350; x_wconf 84' lang='lat' dir='ltr'>multo</span> <span class='ocrx_word' id='word_1_101' title='bbox 364 1312 545 1350; x_wconf 90' lang='lat' dir='ltr'>omnium</span> <span class='ocrx_word' id='word_1_102' title='bbox 566 1311 730 1351; x_wconf 87' lang='lat' dir='ltr'>istorum</span> <span class='ocrx_word' id='word_1_103' title='bbox 752 1319 962 1362; x_wconf 84' lang='lat' dir='ltr'>optumum</span> <span class='ocrx_word' id='word_1_104' title='bbox 984 1319 1022 1351; x_wconf 89' lang='lat' dir='ltr'>et</span> <span class='ocrx_word' id='word_1_105' title='bbox 1043 1312 1318 1352; x_wconf 89' lang='lat' dir='ltr'>uerissumum.</span> <span class='ocrx_word' id='word_1_106' title='bbox 1581 1323 1624 1360; x_wconf 86' lang='lat'>25</span> 
     </span>
     <span class='ocr_line' id='line_1_23' title="bbox 216 1377 1251 1428; baseline 0 -12"><span class='ocrx_word' id='word_1_107' title='bbox 216 1378 285 1417; x_wconf 92' lang='lat' dir='ltr'>ubi</span> <span class='ocrx_word' id='word_1_108' title='bbox 306 1378 337 1416; x_wconf 85' lang='lat' dir='ltr'>is</span> <span class='ocrx_word' id='word_1_109' title='bbox 359 1378 396 1417; x_wconf 78' lang='lat' dir='ltr'>te</span> <span class='ocrx_word' id='word_1_110' title='bbox 419 1378 619 1426; x_wconf 80' lang='lat' dir='ltr'>monebat,</span> <span class='ocrx_word' id='word_1_111' title='bbox 642 1391 758 1426; x_wconf 85' lang='lat' dir='ltr'>esses,</span> <span class='ocrx_word' id='word_1_112' title='bbox 783 1377 857 1416; x_wconf 84' lang='lat' dir='ltr'>nisi</span> <span class='ocrx_word' id='word_1_113' title='bbox 879 1391 1001 1428; x_wconf 86' lang='lat' dir='ltr'>quom</span> <span class='ocrx_word' id='word_1_114' title='bbox 1023 1378 1121 1417; x_wconf 85' lang='lat' dir='ltr'>nihil</span> <span class='ocrx_word' id='word_1_115' title='bbox 1142 1387 1224 1417; x_wconf 84' lang='lat' dir='ltr'>erat</span> <span class='ocrx_word' id='word_1_116' title='bbox 1241 1394 1251 1427; x_wconf 89' lang='lat'>;</span> 
     </span>
    </p>

    <p class='ocr_par' dir='ltr' id='par_1_16' title="bbox 216 1443 1255 1494">
     <span class='ocr_line' id='line_1_24' title="bbox 216 1443 1255 1494; baseline 0.002 -12"><span class='ocrx_word' id='word_1_117' title='bbox 216 1457 324 1483; x_wconf 89' lang='lat' dir='ltr'>nune</span> <span class='ocrx_word' id='word_1_118' title='bbox 345 1443 463 1482; x_wconf 81' lang='lat' dir='ltr'>etiam</span> <span class='ocrx_word' id='word_1_119' title='bbox 485 1444 595 1494; x_wconf 87' lang='lat' dir='ltr'>quod</span> <span class='ocrx_word' id='word_1_120' title='bbox 616 1452 674 1483; x_wconf 81' lang='lat' dir='ltr'>est</span> <span class='ocrx_word' id='word_1_121' title='bbox 695 1457 776 1482; x_wconf 88' lang='lat' dir='ltr'>non</span> <span class='ocrx_word' id='word_1_122' title='bbox 798 1451 913 1491; x_wconf 86' lang='lat' dir='ltr'>estur,</span> <span class='ocrx_word' id='word_1_123' title='bbox 938 1444 1012 1483; x_wconf 87' lang='lat' dir='ltr'>nisi</span> <span class='ocrx_word' id='word_1_124' title='bbox 1033 1444 1114 1483; x_wconf 90' lang='lat' dir='ltr'>Soli</span> <span class='ocrx_word' id='word_1_125' title='bbox 1135 1445 1255 1484; x_wconf 88' lang='lat' dir='ltr'>lubet.</span> 
     </span>
    </p>

    <p class='ocr_par' dir='ltr' id='par_1_17' title="bbox 216 1508 1290 1561">
     <span class='ocr_line' id='line_1_25' title="bbox 216 1508 1290 1561; baseline 0.003 -14"><span class='ocrx_word' id='word_1_126' title='bbox 216 1508 350 1560; x_wconf 85' lang='lat' dir='ltr'>itaque</span> <span class='ocrx_word' id='word_1_127' title='bbox 370 1510 473 1548; x_wconf 82' lang='lat' dir='ltr'>adeo</span> <span class='ocrx_word' id='word_1_128' title='bbox 494 1509 571 1548; x_wconf 82' lang='lat' dir='ltr'>iam</span> <span class='ocrx_word' id='word_1_129' title='bbox 594 1511 799 1560; x_wconf 88' lang='lat' dir='ltr'>oppletum</span> <span class='ocrx_word' id='word_1_130' title='bbox 821 1509 1015 1561; x_wconf 86' lang='lat' dir='ltr'>oppidum</span> <span class='ocrx_word' id='word_1_131' title='bbox 1037 1518 1095 1549; x_wconf 86' lang='lat' dir='ltr'>est</span> <span class='ocrx_word' id='word_1_132' title='bbox 1116 1510 1290 1550; x_wconf 85' lang='lat' dir='ltr'>solariis:</span> 
     </span>
    </p>

    <p class='ocr_par' dir='ltr' id='par_1_18' title="bbox 216 1575 1073 1627">
     <span class='ocr_line' id='line_1_26' title="bbox 216 1575 1073 1627; baseline 0.002 -14"><span class='ocrx_word' id='word_1_133' title='bbox 216 1575 342 1614; x_wconf 81' lang='lat' dir='ltr'>maior</span> <span class='ocrx_word' id='word_1_134' title='bbox 362 1589 449 1626; x_wconf 80' lang='lat' dir='ltr'>pars</span> <span class='ocrx_word' id='word_1_135' title='bbox 471 1575 607 1626; x_wconf 82' lang='lat' dir='ltr'>populi</span> <span class='ocrx_word' id='word_1_136' title='bbox 634 1575 637 1627; x_wconf 86' lang='grc' dir='ltr'>Ι</span> <span class='ocrx_word' id='word_1_137' title='bbox 665 1575 762 1615; x_wconf 83' lang='lat' dir='ltr'>aridi</span> <span class='ocrx_word' id='word_1_138' title='bbox 783 1583 939 1626; x_wconf 81' lang='lat' dir='ltr'>reptant</span> <span class='ocrx_word' id='word_1_139' title='bbox 959 1577 1073 1616; x_wconf 84' lang='lat' dir='ltr'>fame.</span> 
     </span>
    </p>
   </div>
   <div class='ocr_carea' id='block_1_13' title="bbox 217 1680 1625 1735">
    <p class='ocr_par' dir='ltr' id='par_1_19' title="bbox 217 1680 1625 1735">
     <span class='ocr_line' id='line_1_27' title="bbox 217 1680 1625 1735; baseline 0.004 -16"><span class='ocrx_word' id='word_1_140' title='bbox 217 1680 296 1719; x_wconf 90' lang='lat' dir='ltr'>Vbi</span> <span class='ocrx_word' id='word_1_141' title='bbox 317 1680 489 1731; x_wconf 87' lang='lat' dir='ltr'>primum</span> <span class='ocrx_word' id='word_1_142' title='bbox 509 1694 701 1720; x_wconf 78' lang='lat' dir='ltr'>accensus</span> <span class='ocrx_word' id='word_1_143' title='bbox 721 1683 908 1720; x_wconf 82' lang='lat' dir='ltr'>clamarat</span> <span class='ocrx_word' id='word_1_144' title='bbox 931 1681 1147 1722; x_wconf 85' lang='lat' dir='ltr'>meridiem.</span> <span class='ocrx_word' id='word_1_145' title='bbox 1579 1699 1625 1735; x_wconf 90' lang='lat'>30</span> 
     </span>
    </p>
   </div>
   <div class='ocr_carea' id='block_1_14' title="bbox 213 1786 1561 2486">
    <p class='ocr_par' dir='ltr' id='par_1_20' title="bbox 213 1786 1561 2486">
     <span class='ocr_line' id='line_1_28' title="bbox 260 1786 1561 1828; baseline 0.004 -13"><span class='ocrx_word' id='word_1_146' title='bbox 260 1795 296 1816; x_wconf 82' lang='grc' dir='ltr'>ιν</span> <span class='ocrx_word' id='word_1_147' title='bbox 320 1786 438 1816; x_wconf 75' lang='lat' dir='ltr'>Festus</span> <span class='ocrx_word' id='word_1_148' title='bbox 454 1787 521 1825; x_wconf 84' lang='lat'>306</span> <span class='ocrx_word' id='word_1_149' title='bbox 543 1786 755 1826; x_wconf 82' lang='lat' dir='ltr'>(subscudes.</span> <span class='ocrx_word' id='word_1_150' title='bbox 777 1792 941 1818; x_wconf 84' lang='lat' dir='ltr'>cuneatae</span> <span class='ocrx_word' id='word_1_151' title='bbox 961 1787 1108 1818; x_wconf 83' lang='lat' dir='ltr'>tabellae</span> <span class='ocrx_word' id='word_1_152' title='bbox 1125 1788 1248 1828; x_wconf 87' lang='lat' dir='ltr'>quibus</span> <span class='ocrx_word' id='word_1_153' title='bbox 1265 1787 1399 1819; x_wconf 82' lang='lat' dir='ltr'>tabulae</span> <span class='ocrx_word' id='word_1_154' title='bbox 1418 1788 1508 1819; x_wconf 87' lang='lat' dir='ltr'>inter</span> <span class='ocrx_word' id='word_1_155' title='bbox 1524 1798 1561 1820; x_wconf 90' lang='lat' dir='ltr'>se</span> 
     </span>
     <span class='ocr_line' id='line_1_29' title="bbox 215 1830 1561 1873; baseline 0.001 -12"><span class='ocrx_word' id='word_1_156' title='bbox 215 1830 447 1869; x_wconf 79' lang='lat' dir='ltr'>configuntur)</span> <span class='ocrx_word' id='word_1_157' title='bbox 537 1831 582 1861; x_wconf 91' lang='lat' dir='ltr'>sit</span> <span class='ocrx_word' id='word_1_158' title='bbox 607 1831 657 1872; x_wconf 84' lang='lat' dir='ltr'>et]</span> <span class='ocrx_word' id='word_1_159' title='bbox 685 1832 728 1862; x_wconf 84' lang='lat' dir='ltr'>sit</span> <span class='ocrx_word' id='word_1_160' title='bbox 756 1831 895 1869; x_wconf 69' lang='lat' dir='ltr'>Ritsdzl,</span> <span class='ocrx_word' id='word_1_161' title='bbox 923 1834 959 1861; x_wconf 83' lang='lat' dir='ltr'>ut</span> <span class='ocrx_word' id='word_1_162' title='bbox 984 1832 1086 1862; x_wconf 80' lang='lat' dir='ltr'>iamb.</span> <span class='ocrx_word' id='word_1_163' title='bbox 1107 1833 1261 1862; x_wconf 77' lang='lat' dir='ltr'>senarius</span> <span class='ocrx_word' id='word_1_164' title='bbox 1275 1832 1364 1872; x_wconf 83' lang='lat' dir='ltr'><em>fiat:</em></span> <span class='ocrx_word' id='word_1_165' title='bbox 1385 1833 1470 1873; x_wconf 87' lang='lat' dir='ltr'>fort.</span> <span class='ocrx_word' id='word_1_166' title='bbox 1496 1833 1561 1864; x_wconf 87' lang='lat' dir='ltr'>siet</span> 
     </span>
     <span class='ocr_line' id='line_1_30' title="bbox 215 1873 1560 1915; baseline 0.004 -12"><span class='ocrx_word' id='word_1_167' title='bbox 215 1883 237 1904; x_wconf 92' lang='lat' dir='ltr'>v</span> <span class='ocrx_word' id='word_1_168' title='bbox 252 1873 387 1904; x_wconf 80' lang='lat' dir='ltr'>Nonius</span> <span class='ocrx_word' id='word_1_169' title='bbox 399 1875 441 1904; x_wconf 89' lang='lat'>62</span> <span class='ocrx_word' id='word_1_170' title='bbox 457 1874 708 1913; x_wconf 65' lang='lat' dir='ltr'>(exterebrare,</span> <span class='ocrx_word' id='word_1_171' title='bbox 722 1874 889 1906; x_wconf 85' lang='lat' dir='ltr'>curiosius</span> <span class='ocrx_word' id='word_1_172' title='bbox 902 1886 1081 1915; x_wconf 67' lang='lat' dir='ltr'>quaerere.</span> <span class='ocrx_word' id='word_1_173' title='bbox 1130 1875 1270 1907; x_wconf 82' lang='lat' dir='ltr'>Plautus</span> <span class='ocrx_word' id='word_1_174' title='bbox 1287 1902 1293 1908; x_wconf 96' lang='lat'>.</span> <span class='ocrx_word' id='word_1_175' title='bbox 1314 1900 1322 1908; x_wconf 86' lang='lat'>.</span> <span class='ocrx_word' id='word_1_176' title='bbox 1337 1886 1412 1907; x_wconf 87' lang='lat' dir='ltr'>cum</span> <span class='ocrx_word' id='word_1_177' title='bbox 1427 1876 1460 1907; x_wconf 86' lang='lat' dir='ltr'>in</span> <span class='ocrx_word' id='word_1_178' title='bbox 1475 1878 1560 1908; x_wconf 85' lang='lat' dir='ltr'>curi-</span> 
     </span>
     <span class='ocr_line' id='line_1_31' title="bbox 214 1919 1558 1961; baseline 0.003 -13"><span class='ocrx_word' id='word_1_179' title='bbox 214 1928 310 1949; x_wconf 92' lang='lat' dir='ltr'>osum</span> <span class='ocrx_word' id='word_1_180' title='bbox 323 1919 507 1954; x_wconf 69' lang='lat' dir='ltr'>iocaretur)</span> <span class='ocrx_word' id='word_1_181' title='bbox 582 1920 717 1950; x_wconf 85' lang='lat' dir='ltr'>terebra</span> <span class='ocrx_word' id='word_1_182' title='bbox 735 1924 768 1950; x_wconf 86' lang='lat' dir='ltr'>tu</span> <span class='ocrx_word' id='word_1_183' title='bbox 792 1919 979 1950; x_wconf 79' lang='lat' dir='ltr'>Turnebus:</span> <span class='ocrx_word' id='word_1_184' title='bbox 1005 1920 1213 1950; x_wconf 85' lang='lat' dir='ltr'>terebratum</span> <span class='ocrx_word' id='word_1_185' title='bbox 1231 1920 1321 1951; x_wconf 85' lang='lat' dir='ltr'>codd.</span> <span class='ocrx_word' id='word_1_186' title='bbox 1339 1922 1423 1960; x_wconf 88' lang='lat' dir='ltr'>(tum</span> <span class='ocrx_word' id='word_1_187' title='bbox 1431 1926 1495 1961; x_wconf 82' lang='lat' dir='ltr'>pro</span> <span class='ocrx_word' id='word_1_188' title='bbox 1505 1925 1558 1960; x_wconf 82' lang='lat' dir='ltr'>tu;</span> 
     </span>
     <span class='ocr_line' id='line_1_32' title="bbox 214 1962 1556 2006; baseline 0.003 -14"><span class='ocrx_word' id='word_1_189' title='bbox 214 1963 268 1993; x_wconf 90' lang='lat' dir='ltr'>vii.</span> <span class='ocrx_word' id='word_1_190' title='bbox 283 1963 321 2003; x_wconf 85' lang='lat'>4)</span> <span class='ocrx_word' id='word_1_191' title='bbox 411 1973 446 1993; x_wconf 74' lang='lat' dir='ltr'>vx</span> <span class='ocrx_word' id='word_1_192' title='bbox 471 1962 604 1993; x_wconf 84' lang='lat' dir='ltr'>Nonius</span> <span class='ocrx_word' id='word_1_193' title='bbox 620 1965 684 2003; x_wconf 86' lang='lat'>376</span> <span class='ocrx_word' id='word_1_194' title='bbox 703 1963 904 2003; x_wconf 69' lang='lat' dir='ltr'>(protinam)</span> <span class='ocrx_word' id='word_1_195' title='bbox 995 1972 1046 1994; x_wconf 74' lang='grc' dir='ltr'>νη</span> <span class='ocrx_word' id='word_1_196' title='bbox 1067 1963 1187 1994; x_wconf 82' lang='lat' dir='ltr'>Gellius</span> <span class='ocrx_word' id='word_1_197' title='bbox 1208 1974 1255 2000; x_wconf 88' lang='lat'>11,</span> <span class='ocrx_word' id='word_1_198' title='bbox 1273 1974 1302 2003; x_wconf 91' lang='lat'>7,</span> <span class='ocrx_word' id='word_1_199' title='bbox 1314 1973 1334 2003; x_wconf 88' lang='lat'>5</span> <span class='ocrx_word' id='word_1_200' title='bbox 1353 1964 1556 2006; x_wconf 79' lang='lat' dir='ltr'>(apludam),</span> 
     </span>
     <span class='ocr_line' id='line_1_33' title="bbox 216 2005 1555 2047; baseline 0.003 -11"><span class='ocrx_word' id='word_1_201' title='bbox 216 2006 305 2036; x_wconf 83' lang='lat' dir='ltr'>unde</span> <span class='ocrx_word' id='word_1_202' title='bbox 320 2006 453 2037; x_wconf 78' lang='lat' dir='ltr'>Nonius</span> <span class='ocrx_word' id='word_1_203' title='bbox 467 2008 511 2045; x_wconf 80' lang='lat'>69</span> <span class='ocrx_word' id='word_1_204' title='bbox 565 2007 650 2038; x_wconf 70' lang='grc' dir='ltr'>ΒΑΕ.</span> <span class='ocrx_word' id='word_1_205' title='bbox 667 2005 855 2037; x_wconf 80' lang='lat' dir='ltr'>Macrobius</span> <span class='ocrx_word' id='word_1_206' title='bbox 865 2006 936 2038; x_wconf 84' lang='lat' dir='ltr'>Sat.</span> <span class='ocrx_word' id='word_1_207' title='bbox 951 2017 981 2046; x_wconf 85' lang='lat'>3,</span> <span class='ocrx_word' id='word_1_208' title='bbox 1000 2009 1047 2040; x_wconf 83' lang='lat'>16.</span> <span class='ocrx_word' id='word_1_209' title='bbox 1080 2018 1092 2037; x_wconf 94' lang='lat'>1</span> <span class='ocrx_word' id='word_1_210' title='bbox 1108 2009 1321 2047; x_wconf 70' lang='lat' dir='ltr'>(acipenser.</span> <span class='ocrx_word' id='word_1_211' title='bbox 1341 2033 1347 2039; x_wconf 93' lang='lat'>.</span> <span class='ocrx_word' id='word_1_212' title='bbox 1363 2008 1502 2040; x_wconf 90' lang='lat' dir='ltr'>Plautus</span> <span class='ocrx_word' id='word_1_213' title='bbox 1519 2032 1526 2039; x_wconf 92' lang='lat'>.</span> <span class='ocrx_word' id='word_1_214' title='bbox 1547 2033 1555 2040; x_wconf 90' lang='lat'>.</span> 
     </span>
     <span class='ocr_line' id='line_1_34' title="bbox 216 2050 1557 2091; baseline 0.003 -11"><span class='ocrx_word' id='word_1_215' title='bbox 216 2061 258 2080; x_wconf 85' lang='lat' dir='ltr'>ex</span> <span class='ocrx_word' id='word_1_216' title='bbox 277 2061 424 2090; x_wconf 88' lang='lat' dir='ltr'>persona</span> <span class='ocrx_word' id='word_1_217' title='bbox 438 2051 593 2090; x_wconf 88' lang='lat' dir='ltr'>parasiti)</span> <span class='ocrx_word' id='word_1_218' title='bbox 686 2051 900 2091; x_wconf 74' lang='lat' dir='ltr'>Autrpaestice</span> <span class='ocrx_word' id='word_1_219' title='bbox 910 2050 1069 2091; x_wconf 75' lang='lat' dir='ltr'>discripsit</span> <span class='ocrx_word' id='word_1_220' title='bbox 1079 2050 1220 2082; x_wconf 80' lang='lat' dir='ltr'>Skutsch</span> <span class='ocrx_word' id='word_1_221' title='bbox 1236 2052 1336 2087; x_wconf 54' lang='grc' dir='ltr'><em>ςΒενΙ.</em></span> <span class='ocrx_word' id='word_1_222' title='bbox 1350 2052 1436 2084; x_wconf 83' lang='lat' dir='ltr'>Phil.</span> <span class='ocrx_word' id='word_1_223' title='bbox 1449 2051 1557 2084; x_wconf 78' lang='lat' dir='ltr'>IVoch.</span> 
     </span>
     <span class='ocr_line' id='line_1_35' title="bbox 220 2094 1560 2137; baseline 0.003 -14"><span class='ocrx_word' id='word_1_224' title='bbox 220 2096 314 2133; x_wconf 82' lang='lat'>1895.</span> <span class='ocrx_word' id='word_1_225' title='bbox 346 2095 424 2133; x_wconf 70' lang='lat'><strong>265)</strong></span> <span class='ocrx_word' id='word_1_226' title='bbox 566 2104 591 2132; x_wconf 89' lang='lat'>1,</span> <span class='ocrx_word' id='word_1_227' title='bbox 620 2104 639 2123; x_wconf 88' lang='lat'><em>2</em></span> <span class='ocrx_word' id='word_1_228' title='bbox 672 2106 704 2134; x_wconf 88' lang='lat' dir='ltr'>q.</span> <span class='ocrx_word' id='word_1_229' title='bbox 732 2099 784 2125; x_wconf 83' lang='lat' dir='ltr'>e&#39;st</span> <span class='ocrx_word' id='word_1_230' title='bbox 809 2106 850 2126; x_wconf 88' lang='lat' dir='ltr'>m.</span> <span class='ocrx_word' id='word_1_231' title='bbox 874 2094 954 2136; x_wconf 78' lang='lat' dir='ltr'>(aut</span> <span class='ocrx_word' id='word_1_232' title='bbox 980 2094 1063 2137; x_wconf 82' lang='lat' dir='ltr'>suit&gt;</span> <span class='ocrx_word' id='word_1_233' title='bbox 1088 2097 1182 2125; x_wconf 59' lang='lat' dir='ltr'>tanta</span> <span class='ocrx_word' id='word_1_234' title='bbox 1207 2095 1228 2127; x_wconf 87' lang='lat' dir='ltr'>s.</span> <span class='ocrx_word' id='word_1_235' title='bbox 1253 2096 1395 2127; x_wconf 77' lang='lat' dir='ltr'>affectus</span> <span class='ocrx_word' id='word_1_236' title='bbox 1423 2095 1560 2137; x_wconf 65' lang='lat' dir='ltr'>Seyffert</span> 
     </span>
     <span class='ocr_line' id='line_1_36' title="bbox 216 2138 1558 2181; baseline 0.001 -13"><span class='ocrx_word' id='word_1_237' title='bbox 216 2147 236 2176; x_wconf 87' lang='lat'>3</span> <span class='ocrx_word' id='word_1_238' title='bbox 253 2148 351 2178; x_wconf 86' lang='lat' dir='ltr'>quam</span> <span class='ocrx_word' id='word_1_239' title='bbox 371 2139 432 2169; x_wconf 76' lang='lat' dir='ltr'>alii</span> <span class='ocrx_word' id='word_1_240' title='bbox 519 2149 606 2169; x_wconf 87' lang='lat' dir='ltr'>nunc</span> <span class='ocrx_word' id='word_1_241' title='bbox 625 2145 690 2177; x_wconf 71' lang='lat' dir='ltr'>ego</span> <span class='ocrx_word' id='word_1_242' title='bbox 703 2140 836 2179; x_wconf 76' lang='lat' dir='ltr'>scripSi:</span> <span class='ocrx_word' id='word_1_243' title='bbox 864 2149 928 2176; x_wconf 85' lang='lat' dir='ltr'>ego</span> <span class='ocrx_word' id='word_1_244' title='bbox 946 2149 1033 2169; x_wconf 87' lang='lat' dir='ltr'>nunc</span> <span class='ocrx_word' id='word_1_245' title='bbox 1047 2138 1137 2170; x_wconf 83' lang='lat' dir='ltr'>codd.</span> <span class='ocrx_word' id='word_1_246' title='bbox 1253 2150 1272 2178; x_wconf 86' lang='lat'><strong>4</strong></span> <span class='ocrx_word' id='word_1_247' title='bbox 1298 2140 1368 2181; x_wconf 89' lang='lat' dir='ltr'>uel]</span> <span class='ocrx_word' id='word_1_248' title='bbox 1388 2140 1481 2172; x_wconf 88' lang='lat' dir='ltr'>uenit</span> <span class='ocrx_word' id='word_1_249' title='bbox 1493 2139 1558 2170; x_wconf 78' lang='lat' dir='ltr'>Leo</span> 
     </span>
     <span class='ocr_line' id='line_1_37' title="bbox 216 2181 1557 2225; baseline 0.002 -13"><span class='ocrx_word' id='word_1_250' title='bbox 216 2191 236 2220; x_wconf 90' lang='lat'>5</span> <span class='ocrx_word' id='word_1_251' title='bbox 253 2183 424 2224; x_wconf 85' lang='lat' dir='ltr'>manibus]</span> <span class='ocrx_word' id='word_1_252' title='bbox 444 2182 644 2213; x_wconf 77' lang='lat' dir='ltr'>mandibulis</span> <span class='ocrx_word' id='word_1_253' title='bbox 667 2181 816 2223; x_wconf 71' lang='lat' dir='ltr'>Scallger</span> <span class='ocrx_word' id='word_1_254' title='bbox 948 2183 1031 2213; x_wconf 66' lang='lat' dir='ltr'>Bon.</span> <span class='ocrx_word' id='word_1_255' title='bbox 1055 2192 1065 2212; x_wconf 89' lang='lat'>1</span> <span class='ocrx_word' id='word_1_256' title='bbox 1094 2183 1216 2214; x_wconf 80' lang='lat' dir='ltr'>Gellius</span> <span class='ocrx_word' id='word_1_257' title='bbox 1232 2193 1263 2222; x_wconf 85' lang='lat'>3,</span> <span class='ocrx_word' id='word_1_258' title='bbox 1282 2194 1310 2222; x_wconf 84' lang='lat'>3.</span> <span class='ocrx_word' id='word_1_259' title='bbox 1330 2194 1350 2223; x_wconf 86' lang='lat'><strong>3</strong></span> <span class='ocrx_word' id='word_1_260' title='bbox 1373 2184 1557 2225; x_wconf 46' lang='lat' dir='ltr'>gparasitus</span> 
     </span>
     <span class='ocr_line' id='line_1_38' title="bbox 215 2223 1556 2270; baseline 0.002 -15"><span class='ocrx_word' id='word_1_261' title='bbox 215 2225 259 2256; x_wconf 90' lang='lat' dir='ltr'>ibi</span> <span class='ocrx_word' id='word_1_262' title='bbox 277 2226 434 2257; x_wconf 89' lang='lat' dir='ltr'>esuriens</span> <span class='ocrx_word' id='word_1_263' title='bbox 456 2227 539 2257; x_wconf 88' lang='lat' dir='ltr'>haec</span> <span class='ocrx_word' id='word_1_264' title='bbox 563 2227 659 2257; x_wconf 39' lang='lat' dir='ltr'>dicit&amp;</span> <span class='ocrx_word' id='word_1_265' title='bbox 795 2238 813 2264; x_wconf 93' lang='lat'>4</span> <span class='ocrx_word' id='word_1_266' title='bbox 832 2237 886 2256; x_wconf 86' lang='lat' dir='ltr'>me</span> <span class='ocrx_word' id='word_1_267' title='bbox 909 2230 1015 2266; x_wconf 71' lang='lat' dir='ltr'>puero</span> <span class='ocrx_word' id='word_1_268' title='bbox 1036 2223 1157 2257; x_wconf 54' lang='lat' dir='ltr'>uenter</span> <span class='ocrx_word' id='word_1_269' title='bbox 1177 2231 1384 2268; x_wconf 74' lang='lat' dir='ltr'>suspcctmn:</span> <span class='ocrx_word' id='word_1_270' title='bbox 1408 2226 1556 2270; x_wconf 86' lang='lat' dir='ltr'>(unum)</span> 
     </span>
     <span class='ocr_line' id='line_1_39' title="bbox 215 2270 1556 2311; baseline 0.002 -12"><span class='ocrx_word' id='word_1_271' title='bbox 215 2280 257 2300; x_wconf 87' lang='lat' dir='ltr'>rn.</span> <span class='ocrx_word' id='word_1_272' title='bbox 278 2281 308 2310; x_wconf 91' lang='lat' dir='ltr'>p.</span> <span class='ocrx_word' id='word_1_273' title='bbox 325 2281 357 2302; x_wconf 90' lang='lat' dir='ltr'>u.</span> <span class='ocrx_word' id='word_1_274' title='bbox 375 2270 487 2301; x_wconf 55' lang='lat' dir='ltr'>Hertz.</span> <span class='ocrx_word' id='word_1_275' title='bbox 584 2270 631 2309; x_wconf 65' lang='lat' dir='ltr'>(f</span> <span class='ocrx_word' id='word_1_276' title='bbox 649 2270 769 2300; x_wconf 81' lang='lat' dir='ltr'>Amm.</span> <span class='ocrx_word' id='word_1_277' title='bbox 790 2270 892 2301; x_wconf 78' lang='lat' dir='ltr'>Marc.</span> <span class='ocrx_word' id='word_1_278' title='bbox 914 2280 965 2309; x_wconf 85' lang='lat'>23,</span> <span class='ocrx_word' id='word_1_279' title='bbox 985 2272 1016 2307; x_wconf 75' lang='lat'>6.</span> <span class='ocrx_word' id='word_1_280' title='bbox 1038 2281 1076 2310; x_wconf 87' lang='lat'>77</span> <span class='ocrx_word' id='word_1_281' title='bbox 1101 2276 1222 2302; x_wconf 87' lang='lat' dir='ltr'>uenter</span> <span class='ocrx_word' id='word_1_282' title='bbox 1242 2272 1299 2301; x_wconf 87' lang='lat' dir='ltr'>uni</span> <span class='ocrx_word' id='word_1_283' title='bbox 1325 2272 1445 2311; x_wconf 84' lang='lat' dir='ltr'>cuique</span> <span class='ocrx_word' id='word_1_284' title='bbox 1463 2272 1556 2302; x_wconf 76' lang='lat' dir='ltr'>uelut</span> 
     </span>
     <span class='ocr_line' id='line_1_40' title="bbox 213 2313 1556 2354; baseline 0.002 -11"><span class='ocrx_word' id='word_1_285' title='bbox 213 2313 372 2344; x_wconf 80' lang='lat' dir='ltr'>solarium</span> <span class='ocrx_word' id='word_1_286' title='bbox 391 2319 444 2344; x_wconf 87' lang='lat' dir='ltr'>est</span> <span class='ocrx_word' id='word_1_287' title='bbox 542 2316 562 2344; x_wconf 92' lang='lat'><strong>6</strong></span> <span class='ocrx_word' id='word_1_288' title='bbox 586 2324 681 2344; x_wconf 87' lang='lat' dir='ltr'>esses</span> <span class='ocrx_word' id='word_1_289' title='bbox 696 2313 781 2344; x_wconf 79' lang='lat' dir='ltr'>Leo:</span> <span class='ocrx_word' id='word_1_290' title='bbox 807 2324 884 2344; x_wconf 86' lang='lat' dir='ltr'>esse</span> <span class='ocrx_word' id='word_1_291' title='bbox 901 2313 988 2345; x_wconf 82' lang='lat' dir='ltr'>codd.</span> <span class='ocrx_word' id='word_1_292' title='bbox 1094 2324 1110 2353; x_wconf 94' lang='lat'>7</span> <span class='ocrx_word' id='word_1_293' title='bbox 1135 2325 1234 2354; x_wconf 88' lang='lat' dir='ltr'>quom</span> <span class='ocrx_word' id='word_1_294' title='bbox 1252 2314 1357 2345; x_wconf 77' lang='lat' dir='ltr'><em>Bothe</em></span> <span class='ocrx_word' id='word_1_295' title='bbox 1459 2316 1480 2345; x_wconf 85' lang='lat'>8</span> <span class='ocrx_word' id='word_1_296' title='bbox 1504 2321 1556 2346; x_wconf 89' lang='lat' dir='ltr'>est</span> 
     </span>
     <span class='ocr_line' id='line_1_41' title="bbox 214 2356 1555 2400; baseline 0.002 -14"><span class='ocrx_word' id='word_1_297' title='bbox 214 2358 377 2397; x_wconf 88' lang='lat' dir='ltr'>oppidum</span> <span class='ocrx_word' id='word_1_298' title='bbox 391 2357 494 2388; x_wconf 68' lang='lat' dir='ltr'>codd:</span> <span class='ocrx_word' id='word_1_299' title='bbox 512 2358 588 2388; x_wconf 79' lang='lat' dir='ltr'>lrm&#39;.</span> <span class='ocrx_word' id='word_1_300' title='bbox 605 2356 786 2387; x_wconf 78' lang='lat' dir='ltr'>Hermann</span> <span class='ocrx_word' id='word_1_301' title='bbox 876 2368 897 2396; x_wconf 90' lang='lat'>9</span> <span class='ocrx_word' id='word_1_302' title='bbox 922 2368 1000 2396; x_wconf 87' lang='lat' dir='ltr'>pars</span> <span class='ocrx_word' id='word_1_303' title='bbox 1019 2369 1049 2398; x_wconf 93' lang='lat' dir='ltr'>p.</span> <span class='ocrx_word' id='word_1_304' title='bbox 1066 2357 1176 2400; x_wconf 81' lang='lat' dir='ltr'>(iam)</span> <span class='ocrx_word' id='word_1_305' title='bbox 1194 2358 1320 2389; x_wconf 69' lang='lat' dir='ltr'>Hertz:</span> <span class='ocrx_word' id='word_1_306' title='bbox 1345 2359 1459 2399; x_wconf 84' lang='lat' dir='ltr'>populi</span> <span class='ocrx_word' id='word_1_307' title='bbox 1478 2369 1555 2399; x_wconf 84' lang='lat' dir='ltr'>pars</span> 
     </span>
     <span class='ocr_line' id='line_1_42' title="bbox 216 2400 1554 2442; baseline 0.001 -12"><span class='ocrx_word' id='word_1_308' title='bbox 216 2400 311 2432; x_wconf 83' lang='lat' dir='ltr'><em>Cobet</em></span> <span class='ocrx_word' id='word_1_309' title='bbox 398 2402 490 2432; x_wconf 85' lang='lat' dir='ltr'>arida</span> <span class='ocrx_word' id='word_1_310' title='bbox 515 2401 618 2431; x_wconf 57' lang='lat' dir='ltr'>Heme</span> <span class='ocrx_word' id='word_1_311' title='bbox 650 2402 701 2440; x_wconf 75' lang='lat' dir='ltr'>(cf</span> <span class='ocrx_word' id='word_1_312' title='bbox 735 2401 854 2431; x_wconf 84' lang='lat' dir='ltr'>Amm.</span> <span class='ocrx_word' id='word_1_313' title='bbox 887 2400 990 2432; x_wconf 72' lang='grc' dir='ltr'><em>Μανῑ.</em></span> <span class='ocrx_word' id='word_1_314' title='bbox 1023 2412 1070 2440; x_wconf 81' lang='grc' dir='ltr'>ῐ9,</span> <span class='ocrx_word' id='word_1_315' title='bbox 1101 2403 1131 2436; x_wconf 82' lang='grc'>8,</span> <span class='ocrx_word' id='word_1_316' title='bbox 1163 2403 1183 2432; x_wconf 87' lang='grc'>8</span> <span class='ocrx_word' id='word_1_317' title='bbox 1214 2412 1277 2442; x_wconf 86' lang='lat' dir='ltr'>per</span> <span class='ocrx_word' id='word_1_318' title='bbox 1301 2408 1431 2433; x_wconf 82' lang='lat' dir='ltr'>aestum</span> <span class='ocrx_word' id='word_1_319' title='bbox 1460 2403 1554 2433; x_wconf 86' lang='lat' dir='ltr'>arida</span> 
     </span>
     <span class='ocr_line' id='line_1_43' title="bbox 215 2443 1555 2486; baseline 0.001 -11"><span class='ocrx_word' id='word_1_320' title='bbox 215 2445 269 2475; x_wconf 89' lang='lat' dir='ltr'>siti</span> <span class='ocrx_word' id='word_1_321' title='bbox 299 2446 486 2486; x_wconf 85' lang='lat' dir='ltr'>reptantes)</span> <span class='ocrx_word' id='word_1_322' title='bbox 568 2454 593 2474; x_wconf 91' lang='lat'>11</span> <span class='ocrx_word' id='word_1_323' title='bbox 624 2445 726 2475; x_wconf 81' lang='lat' dir='ltr'>Varro</span> <span class='ocrx_word' id='word_1_324' title='bbox 743 2443 841 2485; x_wconf 80' lang='lat' dir='ltr'>Ling.</span> <span class='ocrx_word' id='word_1_325' title='bbox 862 2443 934 2476; x_wconf 81' lang='lat' dir='ltr'>Lat.</span> <span class='ocrx_word' id='word_1_326' title='bbox 955 2446 985 2484; x_wconf 84' lang='lat'>6,</span> <span class='ocrx_word' id='word_1_327' title='bbox 1006 2446 1048 2485; x_wconf 90' lang='lat'>89</span> <span class='ocrx_word' id='word_1_328' title='bbox 1082 2447 1260 2486; x_wconf 86' lang='lat' dir='ltr'>accensus)</span> <span class='ocrx_word' id='word_1_329' title='bbox 1350 2446 1401 2478; x_wconf 79' lang='lat' dir='ltr'>vel</span> <span class='ocrx_word' id='word_1_330' title='bbox 1414 2447 1555 2478; x_wconf 85' lang='lat' dir='ltr'>meridie</span> 
     </span>
    </p>
   </div>
  </div>
 </body>
</html>
