1747 2740
165 136 230 179 111
266 139 295 177 ii
686 138 733 179 T.
766 139 947 181 MACCI
981 137 1185 179 PLAVTI

266 251 333 301 qui
355 252 600 289 sacerdotem
624 250 771 289 uiolare
791 252 968 289 audeat?
1025 251 1094 290 se'd
1115 265 1185 290 eae
1205 251 1388 291 mulieres

265 329 368 366 quae
402 318 522 355 sunt?
564 324 632 354 aut
663 316 760 366 quid
795 316 825 354 is
860 316 984 367 iniqui
1020 317 1094 355 fit?
1150 318 1226 355 Ta.
1259 317 1290 355 si
1324 319 1396 356 das
1430 331 1604 368 operam,

1429 384 1602 433 eloquar.

266 446 432 485 Veneris
453 446 607 496 signum
630 454 722 485 sunt
741 448 956 497 amplexae.
999 461 1106 486 nunc
1125 446 1267 499 (homo
1286 446 1606 500 audacissumus)

203 527 243 558 35
265 525 330 550 eas
351 511 529 561 deripere
550 513 643 550 uolt.
704 526 770 550 eas
791 512 928 551 ambas
949 526 1034 551 esse
1055 520 1210 562 oportet
1230 511 1416 563 (liberas).

268 578 343 615 DA.
375 577 463 627 quis
498 576 584 615 istic
619 585 678 616 est
712 577 779 628 qui
815 579 912 617 deos
947 585 1025 616 tam
1062 578 1172 628 parui
1206 577 1374 628 pendit?
1429 579 1506 616 TR.
1543 578 1602 616 uis
1622 585 1692 628 650

1315 641 1464 695 <dicam
1485 642 1556 682 tibi
1570 642 1604 695 ?)

263 707 420 755 fraudis,
444 707 611 755 sceleris,
635 707 829 758 parricidi,
853 708 991 759 peiiuri
1013 708 1293 759 plenissumus,

262 775 446 825 legerupa
467 774 676 824 inpudens,
700 774 875 825 inpurus,
899 775 1329 822 inuerecundissumus,

263 852 343 877 uno
365 839 487 877 uerbo
507 841 725 889 apsquam,
749 841 878 878 lenost
898 855 904 878 :
935 839 1032 890 quid
1053 839 1163 878 illum
1185 854 1301 891 porro
1321 839 1576 891 praedicem?

199 915 242 948 40
264 905 338 941 DA.
372 905 514 954 edepol
536 904 750 943 infortunio
771 905 976 943 hominem
998 905 1200 955 praedicas
1221 905 1461 944 donabilem.

261 970 337 1006 TR.
370 968 437 1019 qui
458 969 653 1008 sacerdoti
675 971 864 1008 scelestus
886 969 1008 1008 faucis
1030 970 1324 1020 interpresserit.
1619 974 1684 1019 655

264 1035 339 1072 m.
371 1041 410 1072 at
432 1036 536 1073 malo
557 1048 648 1073 cum
670 1049 816 1085 magno
837 1049 909 1073 suo
930 1035 1023 1074 fecit
1043 1036 1184 1074 hercle.
1244 1035 1296 1074 ite
1321 1035 1436 1075 istinc
1456 1038 1569 1082 foras,

262 1098 462 1145 Turbalio,
487 1101 643 1150 Sparax.
695 1099 764 1138 ubi
786 1100 908 1139 estis?
964 1102 1041 1138 TR.
1075 1101 1086 1138 i
1107 1114 1273 1151 opsecro
1293 1100 1406 1147 intro,
1430 1100 1598 1140 subueni

260 1163 344 1203 illis.
418 1166 494 1203 DA.
529 1164 668 1204 iterum
703 1166 810 1204 haud
845 1165 1060 1215 imperabo.
1121 1165 1331 1216 sequimini
1365 1167 1449 1205 hac.
1520 1167 1595 1204 TR.

1307 1245 1379 1281 age
1399 1230 1597 1276 nunciam,

201 1308 243 1342 45
264 1294 355 1334 iube
376 1296 512 1334 oculos
534 1295 689 1342 elidere,
714 1295 851 1334 itidem
873 1303 916 1333 ut
937 1294 1055 1345 sepiis
1076 1295 1225 1334 faciunt
1246 1295 1374 1346 coqui.

265 1361 341 1398 DA.
374 1360 559 1411 proripite
582 1360 785 1399 hominem
812 1360 982 1411 pedibus
1008 1362 1087 1399 huc
1117 1360 1253 1400 itidem
1284 1361 1396 1412 quasi
1425 1361 1597 1400 occisam
1617 1367 1687 1402 660

1419 1440 1598 1466 suem.—

259 1493 334 1529 TR.
367 1491 487 1530 audio
508 1493 732 1530 tumultum.
793 1491 944 1542 opinor,
968 1493 1059 1531 leno
1080 1491 1221 1542 pugnis
1242 1491 1419 1542 pectitur.

259 1556 366 1594 nimi'
388 1556 506 1595 uelim
529 1556 822 1606 inprobissumo
843 1556 996 1596 homini
1019 1558 1140 1595 malas
1162 1557 1446 1596 edentauerint.

259 1623 330 1661 sed
350 1635 463 1661 eccas
485 1622 592 1672 ipsae
613 1623 691 1660 huc
713 1622 966 1672 egrediuntur
986 1622 1150 1661 timidae
1170 1636 1192 1660 e
1212 1623 1305 1661 fano
1326 1622 1518 1661 mulieres.

193 1732 240 1769 iii
312 1733 646 1770 PALAESTRA
756 1733 1099 1771 TRACHALro
1211 1734 1542 1772 AMPELISCA

367 1816 436 1853 ΡΑ.
472 1816 590 1853 Nunc
612 1814 651 1853 id
673 1822 731 1854 est
751 1828 872 1865 quom
895 1814 1073 1854 omnium
1096 1815 1298 1867 copiarum
1320 1823 1439 1866 atque
1459 1829 1593 1867 opum,

364 1878 494 1926 auxili,
518 1879 686 1929 praesidi
707 1879 878 1918 uiduitas
900 1893 972 1919 nos
994 1888 1111 1920 tenet.
1614 1882 1680 1926 665

364 1943 456 1996 <nec
477 1942 616 1996 salust>
636 1958 708 1983 nec
730 1944 830 1983 uiast
847 1958 948 1995 quae
970 1947 1136 1985 salutem
1157 1947 1318 1993 adferat,

418 2008 510 2062 (nec
531 2023 650 2060 quam
672 2010 711 2048 in
733 2009 902 2062 partem>
923 2010 1073 2061 ingredi
1096 2025 1380 2062 persequamur

299 2115 365 2153 646
387 2125 433 2144 cm
449 2114 606 2145 auideat?
715 2114 779 2153 648
804 2114 971 2153 sqq.fines
989 2115 1134 2145 nmtr'lah
1151 2116 1184 2146 in
1202 2115 1267 2147 cod.
1290 2115 1343 2156 (cf
1362 2115 1409 2147 ad
1421 2117 1486 2147 666
1502 2116 1591 2156 sqq)

257 2159 321 2196 648
350 2158 380 2188 h.
397 2169 425 2188 a.
444 2158 550 2198 suppl.
573 2158 762 2188 Lambinus
777 2169 791 2187 a·
809 2162 816 2175 ⁴
828 2158 914 2188 h‘bn's
931 2159 1087 2190 :wlem'lms
1100 2161 1107 2170 '
1132 2161 1164 2193 (ι’.
1178 2171 1202 2190 e.
1228 2159 1293 2200 T3)
1448 2161 1514 2198 649
1537 2160 1590 2190 lib.

256 2201 361 2241 suppl.
385 2201 598 2232 Caum-arins
715 2203 780 2241 650
805 2202 910 2232 dicam
930 2203 988 2232 tibi
1007 2203 1154 2243 supplevi
1242 2204 1357 2243 pendit
1381 2202 1519 2245 (paucis
1535 2213 1593 2233 ex·

260 2245 361 2286 pedi)
378 2243 567 2275 Lambinus
585 2256 601 2275 e
619 2245 727 2275 ‘mn-is
744 2246 898 2276 vele-tibus
913 2246 920 2257 ’
940 2247 971 2276 si.
988 2257 1012 2277 e.
1036 2247 1096 2278 TU
1201 2249 1265 2286 656
1290 2247 1402 2278 hercle
1415 2251 1490 2288 pos!
1505 2247 1592 2277 malo

259 2288 351 2322 Βνιζτ,
372 2289 523 2327 rhythmo
540 2289 729 2319 consulens:
754 2290 808 2319 vix
823 2289 961 2319 hercule
1083 2291 1150 2321 660
1176 2292 1342 2330 porrigite
1361 2290 1402 2320 13¹
1525 2292 1587 2321 661

260 2332 309 2362 vel
322 2333 425 2371 opino
525 2335 589 2370 663
615 2343 711 2363 eccas
729 2332 880 2372 Bentley:
905 2343 985 2363 ecce
1005 2333 1071 2364 cod.
1130 2346 1148 2364 e
1176 2335 1251 2365 fano
1269 2333 1397 2364 Merula
1417 2346 1423 2365 ε
1447 2335 1590 2365 esandae

260 2376 358 2412 (aes.)
377 2376 442 2406 rod.
543 2377 608 2406 666
632 2387 703 2415 sqq.
724 2377 817 2406 im'h’a
835 2376 989 2406 mutilata
1006 2378 1039 2406 in
1057 2377 1120 2409 cod.
1138 2379 1188 2417 (‹s.
1203 2378 1249 2408 ad
1261 2379 1325 2416 648
1339 2382 1428 2418 sqq)
1526 2379 1592 2409 666

262 2430 323 2450 nec
341 2420 445 2450 salust
466 2420 528 2458 (vel
539 2421 645 2458 salus)
663 2420 827 2460 supplevi:
853 2430 890 2450 sc
907 2420 970 2450 cod.
994 2422 1068 2461 (pro
1081 2422 1133 2452 835
1324 2423 1386 2461 667
1414 2432 1474 2453 nec
1490 2433 1588 2462 quam

263 2463 293 2493 in
314 2469 439 2503 partem
458 2464 561 2504 suppl.
585 2465 648 2494 Lm
661 2468 735 2504 post
753 2463 856 2494 alios:
880 2469 980 2493 -rtem
1002 2470 1121 2501 Kartem
1139 2465 1183 2506 B)
1203 2465 1269 2496 cod.
