1747 2740
78 257 144 297 ¹70

77 587 138 623 175

77 908 142 941 180

75 1236 136 1279 185

73 1572 140 1607 190

73 1898 135 1935 Ι95

719 136 960 178 STICHVS
1466 137 1496 176 1.
1517 138 1564 176 iii

270 261 362 287 nam
383 246 460 287 iam
481 248 698 299 compluris
717 262 844 288 annos
866 256 977 288 utero
998 250 1131 288 haeret
1153 263 1252 289 meo.

269 328 376 353 nunc
397 314 428 353 si
449 314 659 354 ridiculum
687 313 692 366 Ι
719 314 923 354 hominem
945 323 1106 365 quaerat
1127 315 1334 366 quispiam,

268 379 418 418 uenalis
440 393 514 430 ego
535 394 623 418 sum
644 394 736 419 cum
757 380 999 419 ornamentis
1020 379 1230 428 omnibu53

269 444 522 484 inanimentis
543 447 839 496 explementum
861 445 1050 496 quaerito.

270 508 473 550 Gelasimo
494 524 642 550 nomen
664 511 718 549 mi
740 511 883 550 indidit
908 525 1031 562 paruo
1052 519 1171 562 pater,

269 576 445 627 (propter
465 576 695 628 pauperiem
717 577 794 616 hoc
814 578 917 616 adeo
938 590 1085 616 nomen
1108 576 1278 628 repperi>

268 641 362 692 quia
382 641 463 681 ind'
484 641 562 680 iam
583 656 606 681 a
626 642 770 693 pusillo
791 656 915 693 puero
935 642 1123 682 ridiculus
1145 642 1211 690 fui,

267 721 315 746 eo
337 708 429 758 quia
450 716 659 759 paupertas
681 708 773 747 fecit
795 707 983 747 ridiculus
1004 709 1127 747 forem
1145 722 1154 755 3

269 787 361 812 nam
382 772 448 812 illa
467 773 559 813 artis
580 773 710 813 omnis
731 774 930 824 perdocet,
954 772 1023 811 ubi
1043 786 1162 823 quem
1183 772 1321 823 attigit.

268 852 337 889 per
357 839 559 878 annonam
580 852 711 878 caram
732 838 830 878 dixit
852 852 914 877 me
935 846 1071 877 natum
1093 845 1225 889 pater:

270 912 489 955 propterea,
512 905 644 951 credo,
668 918 775 942 nunc
796 904 946 943 essurio
973 902 977 955 l
1002 903 1142 943 acrius.

267 971 338 1008 sed
358 969 491 1020 generi
512 977 648 1008 nostro
669 970 767 1008 haec
788 968 978 1008 redditast
1000 969 1243 1020 benignitas:

269 1035 366 1074 nulli
388 1049 530 1086 negare
550 1037 670 1082 soleo,
694 1034 807 1085 siqui'
830 1049 892 1074 me
913 1048 1045 1073 essum
1066 1042 1194 1074 uocat.

267 1101 393 1140 oratio
413 1115 492 1140 una
512 1101 658 1140 interiit
678 1100 885 1140 hominum
907 1114 1102 1151 pessume,

268 1174 388 1217 atque
409 1174 574 1218 optuma
594 1168 726 1206 hercle
748 1180 838 1205 meo
858 1166 993 1205 animo
1014 1174 1052 1205 et
1073 1165 1304 1213 scitissuma‚

268 1246 348 1282 qua
366 1240 458 1271 ante
479 1232 691 1271 utebantur
711 1247 717 1270 :
751 1231 863 1270 ‘ueni
886 1231 952 1270 illo
972 1232 1024 1271 ad
1045 1245 1196 1279 cenam,
1220 1232 1276 1271 sic
1297 1233 1395 1280 face,

267 1297 452 1349 promitte
473 1311 579 1345 uero,
602 1311 652 1336 ne
672 1310 843 1352 grauate.
903 1305 962 1336 est
983 1299 1272 1337 commodum?

265 1365 359 1403 uolo
380 1363 541 1414 inquam
564 1363 656 1411 fieri,
681 1377 761 1402 non
782 1363 961 1402 amittam
983 1363 1079 1414 quin
1100 1365 1190 1403 eas.'

266 1443 372 1468 nunc
393 1437 648 1481 reppererunt
669 1428 747 1467 iam
769 1429 803 1468 ei
826 1429 949 1468 uerbo
971 1428 1161 1468 uicarium

266 1494 395 1546 (nihili
417 1494 580 1546 quidem
601 1496 732 1534 hercle
753 1495 957 1534 uerbumst
977 1509 1023 1534 ac
1045 1494 1310 1546 uilissumum)
1328 1511 1335 1534 :

269 1564 277 1580 ‘
293 1575 435 1600 uocem
457 1569 494 1600 te
514 1562 566 1600 ad
586 1574 727 1600 cenam
748 1560 822 1599 nisi
844 1568 1001 1611 egomet
1020 1574 1158 1599 cenem
1181 1561 1298 1599 foris.’

266 1626 300 1665 ei
322 1628 454 1666 hercle
475 1640 549 1677 ego
570 1626 694 1666 uerbo
715 1626 873 1665 lumbos
895 1626 1094 1665 diffractos
1115 1626 1248 1674 uelim,

265 1692 304 1730 ni
326 1706 418 1731 uere
439 1691 608 1743 perierit,
629 1691 660 1731 si
681 1691 852 1731 cenassit
872 1691 993 1730 domi.

264 1758 362 1796 haec
384 1758 505 1797 uerba
526 1753 713 1807 subigunt
734 1758 827 1796 med
848 1764 890 1795 ut
912 1770 1040 1796 mores
1062 1757 1249 1797 barbaros

265 1822 416 1861 discam
436 1830 556 1873 atque
576 1830 619 1860 ut
640 1821 780 1861 faciam
802 1822 1008 1873 praeconis
1029 1823 1313 1874 compendium

265 1887 398 1938 itaque
418 1887 645 1927 auctionem
666 1888 892 1938 praedicem
913 1888 997 1938 ipse
1018 1896 1061 1927 ut
1081 1888 1296 1928 uenditem.

205 2003 260 2033 171
289 1993 320 2024 h.
339 1997 459 2032 queret
475 1991 529 2023 P:
554 1997 694 2032 quaeret
712 1992 881 2024 hominem
903 1993 1037 2033 Benlley
1138 2004 1198 2033 173
1222 1993 1489 2034 exiplementum

327 2045 342 2062 l.
357 2046 389 2062 Su

159 2071 207 2111 (Β
250 2070 300 2101 vel
324 2045 579 2111 explementum
607 2070 681 2110 (exi
710 2081 784 2110 sup.
815 2070 907 2111 PCD)
931 2070 963 2102 P
1086 2081 1096 2101 1
1107 2073 1191 2110 7576
1225 2072 1351 2103 inverso
1381 2073 1492 2104 ordine

156 2114 331 2145 Act'dalius
437 2124 497 2153 175
522 2115 736 2145 retractatom's
745 2125 809 2145 esse
821 2118 934 2155 potest,
947 2125 1048 2154 neque
1059 2115 1093 2144 in
1105 2126 1131 2145 v.
1153 2117 1299 2156 sequenti
1313 2116 1398 2147 illud
1413 2118 1491 2148 inde

158 2157 222 2189 iam
237 2169 255 2189 a
268 2158 432 2189 Plautum
447 2157 564 2189 redolet
622 2163 822 2198 paupertem
834 2157 867 2188 P
931 2158 1083 2198 repperit
1094 2159 1127 2188 A
1246 2162 1306 2199 176
1324 2161 1419 2200 pansi
1437 2161 1493 2192 illo

156 2201 209 2241 P(
219 2207 279 2242 pm
293 2202 452 2244 pausillo)
471 2202 523 2243 (cf.
538 2201 584 2232 ad
597 2202 688 2234 Truc.
699 2204 783 2244 940>
877 2213 888 2232 1
898 2204 937 2241 78
954 2203 1064 2233 omnis
1075 2208 1167 2233 artes
1181 2204 1214 2234 P
1284 2205 1346 2235 180
1362 2206 1494 2236 essurio

155 2244 242 2289 (eo)
259 2245 397 2276 Mueller
503 2247 562 2276 182
588 2246 687 2277 nullis
704 2247 737 2276 A
809 2257 920 2276 essum
940 2257 992 2276 me
1009 2245 1062 2276 P:
1086 2247 1276 2287 essumfflpl.
1298 2251 1367 2289 me)
1390 2249 1493 2279 Bothe

157 2296 250 2325 (cum
262 2291 289 2321 si
303 2291 388 2330 qui),
404 2300 484 2320 nam
497 2291 595 2329 siqui'
608 2290 749 2331 displicet
841 2292 901 2320 186
925 2291 1084 2330 promitto
1095 2290 1128 2320 P
1221 2293 1281 2322 188
1306 2293 1370 2323 iam
1382 2303 1446 2325 om.
1465 2293 1495 2323 Ρ

160 2336 221 2373 189
245 2334 325 2364 nihil
344 2333 377 2364 Ρ
441 2334 617 2365 uerbumet
634 2335 667 2364 A
685 2346 691 2365 :
716 2334 855 2364 uerbum
874 2333 906 2364 Ρ
971 2334 1200 2365 acutissimum
1218 2335 1252 2364 P
1342 2347 1397 2376 191
1426 2348 1491 2376 ego

155 2389 222 2408 om.
243 2378 275 2407 A
350 2378 431 2409 defr.
446 2377 535 2410 codd.
631 2388 690 2417 192
714 2379 746 2408 ni
765 2389 808 2408 cm
828 2389 869 2408 ne
886 2378 990 2408 incest.
1012 2377 1044 2406 A
1115 2379 1214 2409 domo
1231 2378 1265 2408 P
1354 2391 1413 2419 193
1438 2391 1490 2411 me

157 2421 218 2461 (ita
231 2421 334 2463 codd.)
349 2423 394 2452 uti
407 2422 510 2452 Bothe
577 2432 636 2461 194
652 2432 834 2461 praecones
846 2422 876 2451 Ρ
942 2432 1000 2461 195
1015 2422 1203 2463 uenditem]
1218 2433 1270 2454 me
1283 2425 1359 2454 ueni
1373 2426 1452 2455 item
1461 2424 1494 2454 P

203 2475 321 2497 pmvr.
339 2475 364 2496 11
1359 2469 1402 2498 2ss

1519 464 1561 487 20

1518 789 1557 822 25

1517 1120 1558 1150 30

1517 1444 1555 1476 35

1512 1774 1556 1806 40
