1747 2740
667 96 990 135 PSEVDOLVS
1444 99 1497 137 II.

164 208 226 246 ΡΞ.
260 207 298 247 di
330 207 580 247 inmortales!
613 222 693 247 non
716 209 912 249 Charinus
944 209 1038 247 mihi
1070 210 1313 260 hicquidem,
1334 212 1402 250 sed
1425 212 1499 251 Co-

1384 285 1495 327 plast.

159 337 229 375 sed
251 337 323 376 iste
344 351 478 377 seruos
499 353 544 377 cx
567 340 733 389 Carysto
753 339 819 389 qui
842 339 906 377 hic
926 341 1038 379 adest
1059 341 1203 390 ecquid
1225 341 1354 391 sapit?

160 403 238 442 CH.
272 402 423 442 hircum
444 404 494 443 ab
522 404 604 442 alis.
667 407 727 443 Ps.
763 407 1028 444 manuleatam
1057 406 1231 445 tunicam
1260 408 1405 446 habere
1433 409 1499 445 ho—

1147 471 1294 510 minem
1316 474 1496 511 addecet.

159 533 303 583 ecquid
325 533 355 572 is
377 535 498 572 homo
520 535 639 574 habet
663 535 764 574 aceti
792 535 831 574 in
859 538 1048 586 pectore?
1106 538 1183 576 Cn.
1216 546 1335 588 atque
1361 538 1498 576 acidis-

1381 603 1494 641 sumi.

1521 99 1565 137 iv

69 671 139 708 740
159 664 221 702 Ps.
253 663 364 714 quid,
380 664 411 703 si
432 667 523 715 opu'
537 665 586 704 sit
606 673 648 705 ut
669 667 785 705 dulce
802 674 957 717 promat
978 666 1167 714 indidem,
1184 667 1327 718 ecquid
1350 668 1498 706 habet?
1519 681 1558 713 50

1244 736 1322 774 CH.
1355 736 1497 784 rogas?

157 795 381 844 murrinam,
405 810 576 847 passum,
601 799 813 847 defrutum,
838 800 1008 846 niellam,
1032 801 1109 838 mel
1131 800 1397 850 quoiuismodi
1415 815 1425 847 3

156 861 252 911 quin
274 861 313 899 in
334 864 454 901 corde
476 863 666 902 instruere
688 865 891 914 quondam
914 864 1046 914 coepit
1066 865 1353 915 pantopolium.

157 927 219 964 Ps.
253 930 450 977 eugepae!
481 928 623 978 lepide,
648 929 831 976 Charine,
856 943 947 967 meo
969 943 1032 968 me
1053 931 1148 968 ludo
1170 931 1374 968 lamberas.

156 992 226 1030 sed
247 992 343 1042 quid
365 1006 512 1032 nomen
534 1007 620 1032 esse
640 994 772 1032 dicam
793 1007 866 1045 ego
887 994 949 1033 isti
971 997 1115 1033 seruo?
1173 997 1250 1035 CH.
1284 996 1438 1034 Simiae.

67 1066 132 1103 745
156 1059 219 1096 Ps.
252 1057 377 1097 scitne
408 1058 446 1097 in
478 1072 517 1098 re
546 1060 717 1098 aduorsa
746 1059 924 1099 uorsari?
992 1061 1070 1100 CH.
1104 1061 1220 1099 turbo
1255 1074 1334 1099 non
1369 1075 1496 1112 aeque
1516 1075 1554 1108 55

1364 1135 1492 1165 citust.

155 1190 218 1227 Ps.
251 1188 395 1239 ecquid
416 1191 623 1240 argutust?
667 1191 745 1230 CH.
780 1192 973 1229 malorum
996 1191 1214 1230 facinorum
1237 1191 1493 1242 saepissume.

154 1256 217 1293 ΡΞ.
250 1254 347 1305 quid
361 1268 483 1306 quom
508 1257 731 1294 manufesto
753 1258 937 1294 tenetur?
976 1257 1053 1295 CH.
1078 1257 1296 1307 anguillast‚
1313 1257 1492 1297 elabitur.

152 1321 218 1359 Ps.
249 1320 394 1371 ecquid
433 1320 464 1359 is
505 1322 628 1360 homo
668 1315 834 1359 scitust?
892 1322 969 1361 CH.
1002 1322 1108 1372 plebi
1141 1322 1282 1360 scitum
1318 1336 1399 1361 non
1434 1332 1492 1361 est

1343 1397 1489 1427 scmus.

151 1453 216 1491 Ps.
248 1452 396 1504 probus
426 1453 549 1491 homo
579 1459 648 1499 est,
673 1460 715 1490 ut
745 1452 971 1502 praedicare
1001 1460 1039 1491 te
1065 1452 1196 1491 audio.
1257 1454 1335 1492 CH.
1368 1454 1491 1493 immo

1324 1519 1354 1557 si
1376 1520 1489 1567 scias,

64 1594 132 1632 750
151 1584 219 1623 ubi
240 1593 277 1623 te
297 1584 501 1635 aspexerit,
525 1584 697 1622 narrabit
719 1585 820 1623 ultro
841 1584 938 1634 quid
960 1597 1045 1623 sese
1065 1584 1173 1623 uelis.

149 1648 219 1686 sed
240 1647 337 1697 quid
358 1661 399 1686 es
419 1649 607 1685 acturus?
647 1649 712 1685 ΡΞ.
743 1647 886 1685 dicam.
927 1647 995 1685 ubi
1012 1647 1215 1686 hominem
1232 1660 1485 1696 exornauero,

149 1713 395 1752 subditiuom
418 1713 499 1752 fieri
522 1726 595 1764 ego
616 1713 726 1751 illum
750 1713 882 1751 militis
903 1726 1059 1751 seruom
1082 1715 1199 1761 u'olo;

149 1779 377 1817 sumbolum
398 1780 505 1816 hunc
526 1780 623 1817 ferat
644 1779 777 1817 lenoni
798 1792 889 1817 cum
911 1778 1088 1828 quinque
1108 1779 1257 1829 argenti
1279 1779 1406 1827 minis,

149 1845 354 1884 mulierem
375 1845 426 1883 ab
447 1846 591 1884 lenone
612 1845 785 1884 abducat
803 1862 809 1884 :
840 1859 903 1884 em
926 1844 997 1883 tibi
1019 1858 1179 1884 omnem
1201 1845 1374 1883 fabulam
1393 1850 1399 1884 !

194 1952 257 1990 736
281 1950 360 1980 mihi
389 1950 524 1989 quidem
550 1954 601 1980 est
627 1950 687 1980 sed
713 1949 810 1988 copia
837 1948 870 1979 P
1031 1959 1092 1989 737
1120 1948 1173 1979 isti
1202 1949 1235 1979 P
1260 1950 1338 1991 (pro
1366 1950 1483 1990 istic2)

149 1996 207 2035 qui
223 1995 277 2025 hic
294 1995 390 2025 adest
407 1992 544 2034 ecquid]
563 1994 616 2024 hic
634 1993 690 2033 qui
708 1992 847 2023 aduenit
864 1991 946 2031 quid
966 1992 1038 2032 (qui
1056 1993 1101 2023 Ei
1119 1992 1153 2022 P
1280 1994 1342 2033 738
1366 1994 1438 2024 aliis
1456 1994 1489 2024 P

150 2041 174 2078 (ἒ
187 2044 250 2079 pro
265 2038 349 2071 allis,
368 2037 649 2077 antiquaformm
742 2037 838 2067 decet
862 2035 896 2066 P
1020 2047 1083 2075 739
1106 2037 1226 2076 ecquid
1253 2037 1386 2068 habetis
1412 2040 1444 2068 (ι’.
1458 2049 1481 2069 e.

147 2083 248 2113 habet
271 2083 314 2118 is)
340 2082 441 2112 homo
464 2080 513 2111 P:
539 2081 694 2120 equidem
719 2081 820 2111 homo
842 2080 944 2110 habet
967 2080 998 2109 A
1022 2092 1028 2110 :
1052 2091 1129 2112 corr.
1152 2081 1278 2111 Lorenz
1367 2082 1485 2112 acidis-

147 2136 279 2156 sumum
298 2125 435 2166 A‚sor!.
465 2128 541 2155 recte
652 2135 715 2164 740
730 2123 898 2164 indidem]
921 2124 952 2154 id
978 2129 1028 2153 est
1054 2126 1128 2164 (pro
1152 2125 1259 2164 idern)
1277 2124 1363 2154 codd,
1386 2126 1489 2156 Plinii

147 2169 189 2201 N.
210 2169 256 2200 H.
281 2179 327 2208 14.
343 2179 385 2207 93
403 2169 461 2208 qui
471 2169 516 2198 sic
528 2178 659 2198 versum
676 2169 774 2199 citat:
799 2168 889 2207 quod
906 2168 934 2198 si
952 2177 1037 2206 opus
1051 2173 1102 2198 est
1120 2192 1127 2199 .
1148 2191 1154 2198 .
1177 2193 1183 2199 .
1202 2169 1324 2199 habeat
1424 2180 1482 2208 741

148 2213 300 2250 mellarn]
316 2212 470 2242 melinam
483 2211 603 2251 (men.)
618 2212 650 2242 P
701 2211 821 2251 quouis
833 2211 867 2242 P
921 2211 1020 2241 modo
1032 2211 1063 2239 Α
1158 2222 1220 2251 742
1237 2212 1483 2251 hermopolium

148 2256 182 2287 P
205 2251 587 2297 (praestherrnopolium*)
739 2265 800 2294 743
825 2265 877 2285 me
903 2265 977 2285 meo
1002 2254 1033 2285 P
1175 2256 1324 2295 744-815
1349 2255 1432 2286 dccst
1448 2257 1481 2286 A

150 2301 213 2339 748
237 2300 354 2330 §citius
377 2299 611 2330 Camerarius:
637 2299 743 2329 scitus
760 2298 826 2330 cod.
964 2307 1026 2336 750
1049 2308 1124 2328 sese
1148 2298 1379 2329 (amm-arins:
1407 2309 1483 2329 esse

149 2343 215 2375 cod.
237 2344 290 2382 (cs.
306 2343 353 2373 cul
369 2346 445 2383 701)
582 2352 640 2383 751
660 2344 740 2382 quid
758 2342 805 2373 D¹
825 2354 830 2373 :
855 2342 912 2382 qui
931 2342 962 2371 el
982 2343 1071 2382 &quis
1090 2342 1181 2383 PCD)
1199 2343 1262 2374 cod.
1285 2344 1342 2384 tvi*
1366 2346 1396 2383 ι)

1508 1590 1551 1623 60
