1747 2740
635 156 1050 196 TRVCVLENTVS
1460 156 1514 193 II.
1535 156 1584 192 vi

174 280 281 306 nunc
301 267 352 306 ad
371 266 542 306 amicam
562 269 734 307 decumo
755 281 890 306 mense
908 273 997 317 post
1017 267 1197 304 Athenas
1219 265 1371 305 Atticas

173 331 272 380 uiso,
288 346 407 382 quam
423 333 627 383 grauidam
644 333 708 371 hic
724 332 863 383 reliqui
877 346 968 371 meo
981 345 1223 382 compressu,
1240 331 1336 382 quid
1353 346 1399 371 ea
1413 339 1512 382 agat.

175 399 250 437 PH.
283 397 376 437 uide
414 398 502 448 quis
541 398 714 449 loquitur
747 406 829 437 tam
863 397 1097 449 propinque.
1166 400 1235 436 As.
1269 397 1393 446 miles,
1428 412 1516 436 mea

1239 463 1513 511 Phronesium,

85 539 153 577 500
173 527 244 567 tibi
263 529 377 568 adest
397 530 692 580 Stratophanes.
752 543 858 568 nunc
888 529 960 569 tibi
990 536 1108 580 opust
1137 542 1294 580 aegram
1323 536 1365 567 ut
1386 536 1424 567 te
1450 530 1516 568 ad-

1083 595 1256 634 simules.
1317 597 1391 633 PH.
1415 602 1512 634 tace.

171 660 267 711 quoi
300 661 432 699 adhuc
467 674 541 711 ego
575 669 656 700 tam
692 664 795 701 mala
835 675 942 701 eram
978 660 1183 709 monetrix‚
1221 675 1285 700 me
1320 659 1516 699 maleficio
1538 676 1580 698 20

1306 725 1484 765 uinceres
1500 727 1517 765 ?

170 792 322 830 STRAT.
352 791 503 843 peperit
532 792 681 841 mulier,
706 800 748 831 ut
777 807 851 844 ego
881 793 1032 844 opinor.
1093 794 1162 831 As.
1195 791 1263 831 uin
1292 793 1435 831 adeam
1464 792 1517 831 ad

1004 858 1243 898 hominem?
1300 860 1375 896 PH.
1408 859 1512 896 uolo.

170 924 319 962 STRAT.
361 926 508 974 eugae!
552 924 791 975 Astaphium
827 938 961 964 eccam
995 924 1023 963 it
1056 923 1110 962 mi
1144 925 1371 963 aduorsum.
1444 925 1513 962 As.

901 992 1010 1029 salue
1030 997 1194 1036 ecastor,
1218 990 1513 1040 Stratophanes.

172 1051 344 1107 [uenire]
372 1055 525 1094 saluom
551 1053 830 1108 <te)——STRAT.
863 1055 956 1094 seio.
989 1056 1060 1094 sed
1090 1054 1306 1105 peperstne,
1335 1068 1516 1105 opsecro,

1222 1119 1485 1159 Phronesium
1500 1121 1516 1158 ?

85 1195 150 1232 505
172 1187 240 1223 As.
273 1185 424 1236 peperit
454 1199 620 1237 puerum
651 1186 818 1225 nimium
849 1186 1036 1237 lepidum.
1113 1188 1265 1226 STRAT.
1296 1187 1424 1233 ehem,
1457 1198 1516 1225 ec-

799 1251 895 1302 quid
918 1251 995 1290 mei
1016 1251 1213 1290 similest?
1270 1253 1338 1290 As.
1371 1253 1516 1302 rogas?

170 1316 267 1367 quin
288 1315 356 1355 ubi
377 1323 510 1355 natust
532 1318 781 1356 machaeram
803 1324 841 1356 et
862 1319 1048 1368 clupeum
1069 1318 1261 1368 poscebat
1282 1317 1390 1356 sibi?
1537 1334 1577 1366 25

169 1384 318 1421 STRAT.
351 1395 462 1421 meus
484 1389 555 1431 est,
576 1382 658 1421 scio
679 1382 757 1422 iam
777 1383 829 1421 de
849 1382 1100 1433 argumentis.
1161 1385 1230 1421 As.
1269 1382 1436 1421 nimium
1458 1382 1514 1421 tui

946 1447 1121 1487 similest.
1182 1449 1331 1487 STRAT.
1364 1451 1514 1498 papae!

170 1513 248 1553 iam
266 1515 478 1564 magnust?
507 1513 638 1553 iamne
651 1514 695 1552 iit
707 1515 759 1553 ad
772 1513 970 1564 legionem
986 1515 1003 1553 Ρ
1032 1527 1183 1565 ecquae
1197 1514 1323 1565 spolia
1339 1514 1515 1553 rettulit?

171 1582 239 1619 As.
272 1583 385 1621 †ere†
418 1580 727 1629 nudiusquintus
755 1587 870 1619 natus
903 1579 968 1619 ille
1003 1580 1167 1631 quidem
1206 1588 1275 1619 est.
1363 1582 1512 1619 STRAT.

1230 1646 1327 1697 quid
1347 1648 1514 1697 postea?

85 1723 153 1761 510
172 1711 271 1751 inter
291 1719 350 1751 tot
370 1712 455 1752 dies
476 1712 638 1763 quidem
660 1714 792 1752 hercle
813 1712 890 1751 iam
911 1711 1061 1764 aliquid
1082 1719 1214 1751 actum
1236 1711 1420 1763 oportuit.

216 1826 278 1857 497
303 1817 346 1848 ad
362 1816 451 1849 codd.
470 1817 578 1848 Nonii
591 1827 653 1857 457
673 1829 679 1848 :
703 1828 769 1848 om.
793 1817 859 1849 cod.
1019 1817 1083 1856 498
1108 1817 1163 1847 hic
1181 1815 1268 1848 codd.
1295 1816 1420 1847 Nonii:
1444 1827 1509 1849 om.

171 1861 240 1893 cod.
374 1872 438 1901 499
462 1862 540 1892 uide
557 1862 630 1892 Ital.
652 1873 658 1892 :
683 1861 775 1892 uibet
793 1862 858 1892 cod.
877 1862 991 1902 (Bpro
1003 1861 1049 1902 D)
1141 1866 1207 1892 tam
1226 1860 1422 1892 Acidalius:
1448 1861 1513 1892 iam

172 1905 239 1937 cod.
331 1906 520 1945 propinqua
538 1905 615 1936 PCD
727 1916 792 1944 500
809 1906 893 1937 ades
906 1906 970 1937 cod.
1088 1915 1148 1945 501
1176 1904 1228 1936 cui
1245 1915 1273 1936 a.
1293 1914 1357 1944 ego
1374 1910 1409 1935 tu
1427 1905 1514 1936 mala

172 1959 281 1981 meam
306 1954 444 1980 emonet
463 1949 553 1980 ruria
569 1959 623 1980 me
642 1949 788 1981 malficio
816 1950 975 1981 (mafficio
994 1948 1086 1988 PCD)
1105 1949 1222 1980 uincer
1242 1953 1294 1979 est
1316 1947 1382 1979 cod.
1400 1961 1408 1980 ε
1431 1959 1510 1980 corr.

171 1993 352 2029 Buecheler,
372 1993 438 2023 Leo
529 1993 648 2024 malam
668 1993 880 2025 monerulam
897 1994 1027 2025 Sclzoell
1155 2003 1220 2032 502
1246 1993 1383 2033 Peperit
1399 1992 1513 2023 Came-

173 2037 284 2068 rarius
300 2048 306 2067 :
332 2037 476 2076 Reperit
493 2038 557 2068 cod.
666 2038 716 2069 vel
729 2038 832 2077 opino
943 2038 1088 2068 uinadea
1105 2042 1160 2068 aut
1181 2039 1256 2078 (pro
1273 2040 1321 2077 at)
1341 2037 1511 2067 hominem

173 2086 209 2112 ut
227 2081 306 2112 uolo
331 2081 415 2112 cod.:
439 2091 517 2112 corr.
542 2081 628 2112 Pius
739 2091 803 2120 503
828 2082 992 2121 eugastha
1017 2082 1100 2121 phin
1126 2081 1227 2121 (euge
1255 2080 1392 2121 staphin
1418 2080 1509 2121 PCD)

173 2135 319 2156 maccam
339 2123 404 2156 cod.
420 2135 426 2154 :
452 2135 530 2156 corr.
549 2125 622 2156 Ital.
717 2131 870 2156 ecastror
885 2125 952 2157 cod.
975 2126 1069 2166 (corr.
1088 2124 1137 2163 D)
1290 2135 1354 2165 504
1379 2124 1510 2155 saluom

172 2173 206 2199 te
231 2168 476 2209 Kampmann:
518 2169 635 2199 uenire
660 2169 791 2200 saluum
817 2168 884 2200 cod.
915 2171 961 2209 (v.
992 2169 1048 2208 1):
1091 2169 1179 2200 bene
1211 2173 1244 2200 te
1277 2179 1350 2200 5.-
1375 2167 1513 2208 Seyffert

172 2221 236 2251 505
262 2212 361 2243 ehem
387 2213 508 2251 ecquid
537 2212 692 2243 Mueller:
727 2213 809 2244 chec
836 2213 909 2253 quit
937 2213 1016 2250 (hec
1042 2213 1115 2252 quit
1141 2211 1232 2252 PCD)
1259 2212 1325 2243 cod.
1427 2211 1509 2242 mihi

173 2256 201 2287 si
215 2256 306 2286 mille
320 2261 373 2286 est
389 2268 395 2286 :
411 2267 490 2288 corr.
511 2255 637 2286 Rz'tsclzl
766 2266 828 2296 507
856 2267 887 2287 n.
903 2257 950 2287 tui
966 2255 1072 2287 Brz‘x:
1099 2267 1131 2286 n.
1147 2257 1264 2296 quidui
1282 2255 1348 2288 cod.
1369 2256 1428 2296 (iv.
1448 2255 1484 2295 3)
1501 2266 1507 2285 :

173 2300 272 2330 nimis
288 2310 385 2339 quam
405 2300 451 2330 tui
468 2299 610 2341 spengel
622 2301 672 2341 (qfi
692 2299 739 2331 ad
752 2302 831 2339 488)
924 2302 988 2339 508
1012 2301 1031 2331 i.
1052 2301 1089 2330 iit
1106 2301 1146 2331 ad
1158 2300 1335 2331 Buerheler
1352 2312 1359 2330 t
1385 2301 1404 2331 i.
1426 2300 1508 2330 letat

172 2343 240 2375 cod.
256 2344 371 2379 (lectat
379 2343 484 2373 PCDN:
503 2343 565 2373 iam
581 2344 662 2374 letat
672 2343 798 2375 Schoell
850 2355 977 2384 ecquae
989 2343 1170 2384 Kiessling:
1187 2355 1273 2383 quae
1287 2343 1351 2376 cod.
1399 2343 1507 2383 spolia

172 2388 302 2418 rettulit
326 2387 490 2428 Spengel:
521 2388 682 2427 spoliaret
708 2389 788 2419 uelit
813 2387 876 2421 cod.
1025 2397 1090 2427 509
1115 2388 1193 2418 heia
1210 2387 1356 2419 Schoe‘ll:
1384 2397 1506 2427 gerrae

172 2431 239 2471 (vel
251 2429 335 2472 ἔρρε)
354 2431 493 2462 Palmer
566 2432 701 2471 quidem
719 2432 775 2463 ille
792 2437 844 2464 est
860 2432 945 2466 cod.:
970 2433 1042 2464 [ναί.
1056 2431 1184 2463 ΕίίεσΙιί
1307 2442 1374 2472 510
1395 2437 1505 2462 actum

171 2475 214 2507 al.
234 2475 301 2506 cod.
320 2486 327 2506 ε
351 2475 423 2506 trai.
440 2475 544 2506 Bothe

1358 2520 1418 2551 33*
