1747 2740
718 161 1078 203 FRAGMENTA

225 274 306 326 Qui
328 274 405 326 regi
427 274 693 315 latrocinatu's
713 287 839 313 annos
860 274 1000 312 decem
1025 271 1241 311 Demetrio.
1587 287 1612 309 n

225 341 440 379 Pulchrum
461 348 500 379 et
520 341 766 379 luculentum
787 340 864 378 hoc
885 337 1001 377 nobis
1022 337 1143 376 hodie
1163 336 1297 376 euenit
1318 336 1522 388 proelium.
1586 354 1627 375 111

225 406 327 445 Mihi
350 408 531 445 Lauerna
551 405 590 443 in
612 405 723 443 furtis
743 404 970 443 celebrassit
991 417 1143 442 manus.
1587 418 1623 439 xv

224 471 306 520 Qui
325 478 460 509 amant
479 470 663 509 ancillam
685 484 814 509 meam
836 469 1079 508 Phidullium
1100 468 1282 508 oculitus.
1587 485 1609 504 v

160 541 203 589 65
985 537 1060 573 Em
1082 542 1120 573 te
1141 548 1318 585 opsecro,
1586 550 1623 571 v1

225 601 346 655 Lyde,
370 604 533 655 pilleum
555 617 700 651 meum,
724 605 779 642 mi
799 602 956 650 sodalis,
981 616 1069 641 mea
1089 601 1315 640 Salubritas,

225 673 330 710 Face
349 673 457 710 olant
476 672 596 710 aedes
616 670 783 710 arabice.
1590 677 1641 698 vn

754 754 1042 794 DYSCOLVS

224 858 232 866 .
256 827 378 877 Virgo
398 840 486 865 sum
505 842 513 867 :
543 827 725 865 nondum
746 825 868 865 didici
890 833 1015 876 nupta
1034 826 1157 864 uerba
1176 824 1318 864 dicere.

690 910 721 946 F
724 910 838 947 AEN
845 909 1103 946 ERATRIX

227 983 342 1020 Heus
363 988 404 1019 tu
422 984 428 1019 !
461 980 501 1018 in
522 979 702 1018 barbaria
723 980 833 1030 quod
854 978 998 1018 dixisse
1019 978 1163 1017 dicitur
1590 992 1603 1015 1

162 1065 208 1100 70
226 1047 389 1086 libertus
409 1059 503 1085 suae
523 1053 724 1096 patronae,
748 1044 789 1083 id
810 1058 883 1095 ego
905 1044 996 1083 dico
1015 1043 1123 1097 (tibi)
1141 1059 1148 1083 :

229 1117 237 1133 ‘
253 1112 430 1151 Libertas
451 1113 558 1150 salue
575 1114 582 1149 Ι
613 1112 758 1161 uapula
780 1110 959 1161 Papiria?

227 1179 342 1228 Quae
363 1191 436 1228 ego
456 1177 659 1228 populabo
680 1176 815 1227 probe.
1606 1194 1617 1216 ι

784 1260 816 1297 F
820 1260 1021 1297 RETVM

227 1334 346 1372 Nunc
367 1331 464 1371 illud
480 1338 538 1370 est
554 1331 664 1382 quod
684 1334 695 1353 ‘
706 1343 941 1381 responsum
956 1331 1085 1370 Arreti
1099 1332 1106 1348 '
1120 1331 1224 1371 ludis
1241 1331 1393 1382 magnis
1407 1330 1572 1370 dieitur:

280 1397 418 1450 peribo
439 1396 470 1436 si
491 1410 572 1437 non
594 1398 724 1436 fecero
741 1412 748 1436 :
783 1395 815 1434 si
836 1397 936 1444 faxo,
960 1397 1173 1448 uapulabo.

715 1479 1073 1519 FRIVOLARIA

163 1561 183 1596 7
190 1559 206 1597 5
228 1547 457 1588 Commodo
477 1545 716 1585 dictitemus.
1594 1563 1607 1585 1

229 1615 269 1653 Is
290 1612 387 1652 mihi
408 1619 489 1651 erat
509 1611 609 1659 bilis,
632 1624 736 1662 aqua
757 1610 940 1659 intercus,
964 1624 1184 1662 querquera
1204 1611 1333 1650 tussis.
1595 1629 1621 1650 11

274 1713 300 1734 ¹1
332 1703 430 1734 Wzrro
452 1702 552 1744 Ling.
575 1703 651 1734 Lat.
677 1714 707 1742 7,
732 1712 772 1743 52
799 1703 928 1742 (latro),
948 1702 1083 1732 Nonius
1105 1712 1166 1742 134
1188 1701 1407 1740 (latrocinari,
1434 1701 1578 1732 militare

229 1748 400 1785 mercede)
493 1747 725 1778 latrocinatu's
747 1757 813 1778 non
832 1751 912 1785 —tus,
934 1757 1016 1777 nam
1035 1746 1169 1776 Nonius
1184 1746 1229 1776 sic
1251 1747 1486 1786 interpretatur
1503 1746 1578 1785 ‘qui

230 1793 319 1833 apud
332 1802 447 1832 regem
461 1792 494 1822 in
509 1791 681 1822 latrocinio
696 1791 800 1828 fuisti,
815 1791 1024 1830 stipendium
1039 1790 1250 1830 acceptitasti
1263 1791 1270 1806 ⁷
1342 1790 1459 1820 decem
1470 1800 1579 1820 annos

231 1836 296 1868 cod.
312 1836 470 1867 Varronis
519 1835 711 1876 Demetrio]
729 1835 923 1866 mercedem
944 1835 976 1865 in
996 1835 1118 1865 tiberio
1131 1834 1221 1865 codd.
1234 1833 1338 1864 Nonii
1394 1843 1434 1864 111
1449 1833 1581 1864 Nonius

230 1884 274 1921 63
291 1880 528 1922 gluculentum)
622 1890 658 1911 xv
683 1880 817 1910 Nonius
837 1889 896 1918 134
916 1879 1104 1919 (Laverna)
1183 1878 1263 1908 mihi
1284 1878 1482 1909 Lauernain
1499 1876 1580 1908 Sca-

230 1926 328 1967 liger:
369 1925 591 1956 militaueram
619 1935 695 1955 nam
717 1924 750 1954 in
764 1923 853 1954 codd.
939 1923 1028 1967 (ita)
1041 1924 1123 1954 mihi
1137 1925 1172 1955 L.
1192 1923 1367 1953 Buecheler
1383 1926 1500 1963 (praec.
1517 1922 1577 1961 -ia)

231 1970 281 2001 vel
301 1970 475 2001 celer-assit
573 1969 706 2000 manius
725 1968 815 2000 codd.
958 1978 982 1998 v
1005 1969 1138 1999 Nonius
1162 1979 1222 2007 147
1252 1967 1430 2007 (oculitus)
1532 1967 1580 1997 fe-

231 2015 359 2047 dulium
393 2014 483 2046 codd.
638 2022 673 2043 VI
699 2013 832 2045 Nonius
858 2026 923 2046 220
943 2013 1081 2054 (pilleus
1102 2024 1179 2055 gen.
1208 2012 1335 2048 neutri)
1469 2010 1517 2041 Te
1534 2021 1579 2040 an

233 2060 296 2091 Em
321 2064 354 2091 te
378 2060 485 2091 incert.
511 2058 599 2090 codd.
734 2069 785 2089 vn
810 2058 987 2089 Diomedes
1013 2059 1077 2097 383
1107 2057 1232 2097 (olant)
1361 2055 1434 2086 sace
1460 2055 1580 2086 Goets:

233 2103 344 2135 facere
367 2104 481 2135 codd.:
506 2104 556 2135 sac
581 2115 638 2135 ere
664 2104 839 2134 Buecheler
971 2103 1078 2134 Dvsc.
1107 2101 1223 2132 Festus
1243 2111 1304 2139 170
1324 2102 1442 2138 (nupta
1459 2098 1578 2138 verba)

233 2158 309 2179 cum
335 2147 445 2179 Paulo
473 2158 530 2187 171
690 2148 796 2178 FAEN.
820 2158 833 2178 1
860 2148 978 2178 Festus
1006 2157 1069 2186 372
1096 2146 1235 2187 (uapula
1260 2144 1402 2183 Papiria,
1418 2143 1577 2184 proverb.)

233 2203 253 2223 2
278 2203 341 2232 ego
359 2193 389 2223 d.
412 2192 469 2223 tibi
491 2191 653 2232 Scaliger:
688 2202 729 2222 eo
755 2192 830 2222 dico
850 2205 866 2220 ›a-
887 2205 902 2219 ÷÷
921 2191 986 2223 cod.
1124 2201 1144 2229 3
1171 2190 1326 2220 Libertas
1355 2187 1393 2218 O.
1420 2186 1580 2218 Mueller:

233 2236 352 2269 1³¹)erta
368 2236 433 2268 cod.
529 2246 552 2267 υ
579 2235 756 2266 Diomedes
772 2246 832 2274 401
854 2235 1012 2276 (populo)
1062 2245 1169 2274 prone
1188 2233 1277 2264 codd.
1334 2232 1436 2262 Fam.
1460 2230 1580 2261 Gellius

233 2291 265 2321 3,
280 2291 310 2321 3.
327 2291 344 2320 7
357 2280 510 2321 (historia
526 2279 649 2310 oraculi
663 2279 832 2319 Arretini)
927 2289 940 2309 1
969 2289 993 2310 r.
1008 2278 1122 2309 Arreti
1140 2279 1243 2309 Hertz
1258 2289 1264 2308 z
1290 2276 1431 2308 arretini
1447 2285 1470 2306 r.
1486 2273 1576 2304 codd.

233 2325 281 2364 (v.
299 2327 333 2364 45
436 2324 545 2363 magis
561 2323 650 2354 codd.
758 2323 858 2354 Fmv.
883 2333 893 2353 1
917 2322 1088 2353 Clmm'sius
1107 2332 1168 2361 193
1187 2322 1239 2362 (cf.
1268 2323 1344 2361 196)
1370 2319 1578 2358 (commodo)

235 2379 261 2400 11
286 2369 419 2400 Paulus
435 2370 498 2407 256
516 2368 737 2407 (querquera)
756 2378 832 2398 cum
850 2367 944 2397 Festo
960 2376 1032 2406 257.
1053 2366 1248 2396 Pm'scz'anus
1267 2375 1295 2398 1,
1313 2375 1373 2404 271
1396 2364 1578 2403 (intercus)

235 2424 322 2452 aqua
339 2413 488 2443 intercus
504 2422 570 2442 om.
590 2411 678 2442 codd.
700 2410 806 2441 Pauli
891 2420 1082 2450 querquera
1100 2410 1202 2440 tussis
1217 2409 1306 2440 edd:
1330 2411 1578 2448 querqueratus

237 2456 326 2488 codd.
349 2456 470 2487 Pauli:
496 2456 601 2487 tussis
625 2455 730 2485 febris
755 2454 841 2486 codd.
868 2453 1035 2484 Prisciani
1059 2453 1189 2493 (glossa
1220 2452 1409 2492 marginali.
1438 2456 1475 2482 ut
1498 2450 1575 2491 vid„

238 2500 413 2540 inculcata)
