1747 2740
711 161 951 201 STICHVS
1459 160 1488 197 Ι.
1512 159 1556 197 iii

267 278 367 317 satin
388 285 431 316 ut
451 278 587 324 facete,
611 276 730 326 aitque
751 288 798 313 ex
818 274 971 325 pictura
991 273 1143 312 astitit?

268 358 319 383 ne
339 344 411 382 iste
431 345 575 394 edepol
596 342 733 381 uinum
757 343 904 392 poculo
926 340 1142 392 pauxillulo

267 423 385 461 saepe
405 408 627 448 exanclauit
647 410 878 447 submerum
899 407 1133 446 scitissume.

658 597 898 646 ACTVS
953 597 1002 644 II

467 714 756 752 PINACIVM
870 711 1201 749 GELAslmvs
1520 707 1610 744 II.i

162 807 221 845 Pi.
257 805 491 852 Mercurius,
535 804 634 843 Ioui'
674 803 742 854 qui
788 802 950 842 nuntius
998 802 1237 854 perhibetur,
1277 814 1498 852 numquam

1253 880 1380 917 aeque
1401 867 1499 917 patri

73 950 140 988 275
162 950 234 976 suo
268 936 454 975 nuntium
488 935 666 987 lepidum
701 934 830 974 attulit
864 946 984 984 quam
1017 946 1090 983 ego
1123 946 1231 972 nunc
1266 945 1378 971 meae
1413 946 1501 971 erae

1282 998 1476 1037 nuntiabo
1494 1013 1500 1037 :

216 1068 350 1118 itaque
371 1075 559 1106 onustum
582 1073 720 1117 pectus
742 1073 857 1116 porto
878 1063 1025 1103 laetitia
1046 1063 1303 1113 lubentiaque

217 1146 348 1183 neque
369 1133 478 1171 lubet
499 1131 573 1170 nisi
593 1130 783 1182 gloriosse
804 1129 1020 1180 quicquam
1041 1128 1224 1180 proloqui
1246 1129 1434 1179 profecto.

162 1198 423 1238 amoenitates
444 1197 624 1236 omnium
647 1210 839 1235 uenerum
860 1203 898 1234 et
920 1202 1176 1234 uenustatum
1204 1196 1340 1233 adfero
1523 1205 1540 1238 5

162 1263 336 1315 ripisque
357 1270 514 1313 superat
535 1262 589 1300 mi
609 1269 729 1312 atque
748 1261 927 1299 abundat
948 1267 1086 1311 pectus
1108 1259 1254 1298 laetitia
1276 1273 1420 1298 meum.

74 1336 144 1370 280
216 1342 393 1379 propera,
418 1327 636 1375 Pinacium,
659 1328 782 1377 pedes
803 1327 969 1373 hortare,
994 1326 1161 1364 honesta
1182 1324 1288 1364 dicta
1309 1325 1475 1363 factis—

163 1408 269 1433 nunc
290 1393 362 1433 tibi
383 1401 558 1445 potestas
578 1391 866 1443 adipiscendist
890 1390 1065 1441 gloriam,
1089 1392 1260 1438 laudem,
1284 1392 1460 1429 decus—

162 1473 331 1510 eraeque
352 1458 483 1510 egenti
504 1457 941 1497 subueni—benefacta
962 1455 1156 1494 maiorum
1179 1463 1344 1494 tuom—

161 1538 264 1576 quae
285 1524 427 1563 misera
448 1524 488 1562 in
509 1522 806 1574 exspectatione
827 1529 886 1560 est
909 1521 1123 1572 Epignomi
1144 1522 1362 1560 aduentum
1386 1521 1468 1560 uiri.
1524 1537 1561 1558 10

162 1589 328 1641 proinde
356 1597 398 1628 ut
420 1590 534 1628 decet
555 1596 661 1627 amat
687 1589 815 1626 uirum
841 1600 968 1635 suom,
992 1586 1136 1637 cupide
1163 1586 1320 1637 expetit.
1381 1600 1498 1634 nunc,

1279 1652 1498 1699 Pinacium,

75 1726 142 1770 285
161 1734 234 1770 age
254 1727 296 1758 ut
318 1721 456 1770 placet,
481 1732 591 1758 curre
607 1726 649 1758 ut
671 1719 792 1766 lubet,
815 1731 913 1757 caue
935 1716 1178 1768 quemquam
1200 1717 1313 1756 flocci
1336 1718 1484 1765 feceris,

163 1785 307 1824 cubitis
328 1786 494 1835 depulsa
515 1786 565 1823 de
586 1784 660 1832 uia,
685 1784 937 1834 tranquillam
960 1782 1158 1822 concinna
1179 1782 1283 1820 uiam
1300 1798 1310 1829 3

163 1850 194 1889 si
216 1865 281 1890 rex
301 1850 475 1901 opstabit
496 1850 668 1897 obuiam,
692 1864 822 1900 regem
846 1850 975 1900 ipsum
998 1848 1095 1899 priu’
1117 1848 1342 1898 peruortito.

380 1917 454 1953 GE.
487 1915 679 1965 quidnam
701 1915 831 1954 dicam
854 1914 1061 1953 Pinacium
1521 1924 1558 1958 15

55 1986 144 2021 288⁹·
325 1980 647 2019 lasciuibundum
670 1988 750 2019 tam
773 1980 977 2033 lubentem
1000 1980 1184 2018 currere?

208 2096 267 2125 271
289 2085 393 2127 satin]
413 2090 479 2117 stat
491 2085 524 2115 A
577 2083 840 2128 (aeque>atque
855 2085 1030 2116 Fleckeisen
1100 2083 1159 2125 ex]
1174 2089 1209 2114 ut
1222 2083 1254 2113 A
1271 2084 1349 2123 (pro
1361 2083 1408 2114 uti
1421 2084 1499 2125 ex3)

164 2139 228 2169 275
253 2140 330 2161 erae
349 2140 442 2160 meae
467 2128 645 2160 Hermann
779 2139 841 2168 277
867 2129 956 2159 iubet
977 2129 1010 2158 A
1147 2129 1211 2167 278
1236 2132 1446 2158 ucnustatem
1464 2127 1498 2158 A

165 2175 229 2204 280
247 2173 410 2214 propera]
430 2179 612 2213 propterea
628 2172 661 2203 Ρ
779 2174 839 2204 281
867 2172 1125 2211 adipiscendast
1137 2171 1170 2201 A
1297 2172 1360 2202 282
1385 2172 1499 2210 egenti

166 2217 295 2248 Merula
313 2229 319 2248 :
345 2218 439 2256 genti
462 2216 550 2248 codd.
644 2216 805 2247 malorum
824 2216 857 2246 A
949 2215 1062 2246 benef.
1082 2239 1090 2246 .
1110 2240 1116 2246 .
1136 2241 1141 2247 .
1163 2220 1253 2246 tuom
1271 2216 1339 2246 secl.
1361 2214 1498 2254 Rz'tscl1l‚

164 2260 298 2302 Seyffert
316 2260 417 2301 (Berl.
437 2260 524 2292 Phil.
548 2258 654 2292 Woclz.
674 2262 720 2293 16.
738 2261 816 2299 2843
833 2261 883 2301 (cs.
900 2270 927 2290 v.
945 2259 1025 2300 303)
1077 2258 1149 2289 vide
1165 2270 1203 2289 ne
1213 2263 1345 2299 propter
1353 2260 1499 2289 homoeo-

166 2304 302 2335 telcnton
319 2304 386 2335 duo
401 2304 602 2335 hemistichia
619 2303 790 2335 exciderint
806 2315 844 2335 ex
859 2303 947 2334 codd.
1078 2302 1142 2341 283
1167 2303 1199 2332 in
1218 2313 1283 2334 om.
1304 2302 1337 2332 Ρ
1437 2303 1501 2340 284

166 2349 275 2379 uirum
293 2354 381 2379 amat
401 2347 537 2379 Gm‘etus
640 2348 773 2388 expetit
789 2347 898 2388 nunc]
918 2356 1007 2377 nunc
1021 2346 1142 2385 expedi
1160 2345 1194 2375 P
1338 2347 1401 2384 285
1427 2356 1501 2376 cur-

167 2401 242 2422 rere
265 2392 298 2423 Ρ
428 2393 490 2431 287
515 2392 703 2423 obstabitor
727 2392 814 2423 uiam
840 2390 874 2422 Ρ
1015 2390 1078 2420 288
1102 2390 1210 2420 dicam
1228 2400 1297 2420 om.
1315 2390 1347 2418 A
1366 2390 1427 2431 (iii.
1448 2390 1501 2431 11)

165 2435 245 2466 288⁸
270 2435 427 2467 lubenter
443 2435 476 2467 Ρ
