1747 2740
692 137 932 177 STICHVS
1422 136 1468 173 V.
1490 134 1533 171 iii

195 250 352 290 Stichus
373 258 618 302 opsonatust,
641 258 815 289 ceterum
838 262 911 300 ego
932 263 1065 288 curam
1088 250 1164 288 do:
1201 248 1241 287 id
1262 248 1469 298 adlegauit.

193 330 300 355 nunc
321 316 386 355 ibo
409 316 500 354 hinc
521 322 559 354 et
580 315 730 354 amicos
753 328 862 354 meos
883 315 1030 353 curabo
1052 314 1116 353 hic
1136 314 1453 353 aduenientis.—

435 429 806 466 SANGARlNVS
918 428 1163 464 STICHVS
1492 427 1538 464 iv

138 511 202 548 SA.
250 509 366 560 Agite
400 509 452 548 ite
487 510 589 548 foras
609 525 616 549 :
661 511 757 548 ferte
792 521 991 560 pompam.
1066 509 1168 546 cado
1202 515 1240 546 te
1275 508 1472 558 praeficio,

1329 574 1471 612 Stiche.

137 640 315 679 omnibu’
336 641 465 680 modis
483 648 677 691 temptare
693 647 882 679 certumst
898 646 1076 677 nostrum
1092 639 1212 678 hodie
1229 639 1470 678 conuiuium.

49 710 115 755 685
138 705 190 743 ita
217 719 280 744 me
309 705 350 744 di
374 713 519 753 ament,
545 705 675 756 lepide
702 705 918 755 accipimur
943 718 1064 754 quom
1097 705 1173 742 hoc
1203 704 1413 754 recipimur
1434 705 1473 743 in

1370 772 1469 809 loco.

136 835 305 887 quisqui'
344 836 571 887 praetereat,
613 836 870 875 comissatum
910 837 1004 873 uolo
1043 835 1187 874 uocari.
1263 837 1342 874 ST1.
1381 849 1471 874 con-

1348 901 1468 949 uenit,

133 967 229 1006 dum
251 967 413 1017 quidem
435 969 566 1006 hercle
587 967 756 1017 quisque
777 966 910 1005 ueniet
931 966 1065 1005 ueniat
1086 980 1177 1005 curn
1200 966 1295 1005 uino
1315 980 1397 1006 suo.
1489 983 1506 1014 5

133 1046 226 1070 nam
248 1032 340 1070 hinc
361 1032 524 1082 quidem
542 1031 662 1070 hodie
679 1033 900 1082 polluctura
917 1039 1070 1081 praeter
1086 1045 1158 1070 nos
1176 1033 1291 1070 datur
1306 1032 1466 1071 nemini.

134 1105 291 1136 nosmet
320 1097 420 1136 inter
444 1111 516 1136 nos
548 1097 814 1136 ministremus
844 1097 1083 1148 monotropi.
1143 1099 1206 1136 SA.
1240 1099 1316 1136 hoc
1337 1098 1470 1136 conui-

1324 1171 1470 1202 ulumst

44 1231 115 1274 690
133 1242 204 1278 pro
225 1228 367 1278 opibus
388 1228 531 1267 nostris
553 1228 636 1267 sati’
658 1229 915 1267 commodule
943 1228 1124 1276 nucibus,
1149 1228 1303 1276 fabulis,
1330 1228 1467 1276 ficulis,

132 1295 243 1332 oleae
264 1294 512 1344 †intripillo†,
536 1294 686 1344 lupillo‚
710 1294 960 1332 comminuto
981 1296 1165 1332 crustulo.

131 1359 210 1397 ST1.
235 1366 293 1397 sat
314 1367 372 1397 est
393 1372 507 1397 seruo
533 1359 537 1410 1
565 1352 717 1397 homini
736 1360 916 1398 modeste
931 1357 1106 1412 [melius]
1122 1361 1248 1398 facere
1263 1368 1465 1410 sumptum
1490 1375 1528 1397 ιο

1131 1438 1251 1475 quam
1271 1426 1463 1477 ampliter.

129 1502 244 1528 suom
265 1489 440 1540 quoique
467 1491 607 1528 decet:
638 1489 775 1540 quibu'
796 1490 960 1529 diuitiae
985 1490 1096 1529 domi
1119 1499 1221 1537 sunt,
1244 1491 1408 1541 scaphio
1429 1499 1466 1530 et

1256 1557 1464 1605 cantharis,

131 1621 296 1660 batiocis
318 1622 471 1669 bibunt,
495 1622 533 1660 :it
554 1635 628 1659 nos
650 1630 785 1660 nostro
806 1622 982 1660 Samiolo
1003 1622 1156 1672 poterio
1175 1639 1182 1662 :

42 1689 108 1734 695
129 1694 263 1725 tamen
302 1686 476 1725 bibimus
512 1700 596 1734 nos,
634 1694 767 1724 tamen
802 1686 1005 1725 ecficimus
1045 1700 1116 1737 pro
1151 1687 1293 1737 opibus
1333 1696 1466 1727 nostra

1294 1768 1463 1794 moenia.

168 1857 229 1887 681
246 1857 329 1896 fort.
351 1866 465 1887 curam
484 1866 548 1895 ego
618 1857 768 1887 curando
791 1856 857 1887 cod.
939 1857 987 1898 id]
1008 1857 1036 1888 is
1055 1857 1120 1887 Leo
1137 1858 1239 1897 :foy-l.
1260 1864 1295 1889 ut
1369 1859 1463 1890 adle-

124 1901 202 1940 gaui
220 1901 285 1931 cod.
304 1913 310 1930 2
336 1911 414 1932 corr.
438 1899 535 1930 Goetz
683 1902 748 1931 682
772 1900 889 1931 accedit
912 1901 946 1930 A
1051 1901 1131 1932 hinc
1148 1913 1214 1933 om.
1236 1904 1268 1933 A
1360 1904 1463 1933 adue-

125 1944 272 1974 nienteis
288 1944 320 1973 A
435 1945 498 1983 684
525 1944 729 1975 omnimodis
752 1944 907 1985 Scaltgre23
925 1945 1009 1984 sort.
1032 1949 1108 1976 recle
1126 1946 1182 1987 (cf.
1203 1946 1306 1977 Class.
1326 1946 1403 1978 Rev.
1429 1949 1461 1983 8,

128 1990 204 2028 159)
330 1989 394 2026 685
418 1988 624 2027 accipiamur
640 1988 679 2028 P,
700 1987 733 2018 A
754 1999 786 2019 n.
812 1988 856 2020 l.:
881 1999 958 2020 corr.
989 1989 1124 2019 Gm'etus
1214 1991 1372 2029 quoniam
1399 1991 1463 2021 hoc

126 2032 326 2071 recipiamur
343 2031 395 2062 P:
419 2042 485 2062 orn.
505 2031 538 2061 A
560 2031 621 2072 (iii.
639 2033 690 2072 11)
708 2043 715 2063 τ
741 2043 820 2063 corr.
844 2032 980 2063 Guietns
1031 2033 1116 2072 sors.
1136 2033 1167 2064 in
1186 2034 1306 2066 delenti.
1399 2036 1461 2074 687

126 2076 239 2106 ueniet
253 2086 320 2106 om.
339 2074 373 2105 P
387 2076 469 2105 (uon
486 2075 519 2104 A
541 2078 576 2105 ul
591 2075 674 2108 m'dA
765 2076 816 2107 vel
830 2077 945 2107 ueniat
964 2077 1079 2107 ueniat
1094 2078 1139 2116 (A
1155 2089 1187 2108 u.
1205 2078 1241 2117 l.)
1397 2080 1462 2109 688

126 2129 188 2149 nos
206 2118 365 2159 [iactura]
384 2118 423 2158 P,
437 2118 470 2148 A
490 2130 522 2150 n.
541 2119 560 2150 l.
633 2120 768 2150 dabitur
785 2119 824 2157 P,
841 2120 874 2149 A
895 2131 926 2152 n.
945 2121 991 2152 l.:
1017 2122 1146 2161 correxi,
1170 2132 1252 2152 nam
1270 2120 1461 2161 polluctura

126 2167 262 2202 praeter
286 2163 342 2192 vix
355 2162 534 2201 ferendum
667 2165 732 2203 689
756 2164 960 2203 monotropi.
992 2164 1050 2196 SA.
1079 2165 1141 2195 hoc
1169 2165 1312 2196 Ritschl:
1345 2176 1461 2197 mono-

126 2206 248 2245 trophe
272 2206 334 2237 hoc
354 2205 394 2245 P,
411 2206 442 2235 Α
463 2217 494 2236 n.
515 2207 532 2237 l.
662 2209 723 2246 691
751 2207 878 2244 oldae}
901 2208 1073 2248 in(tripij;ll
1093 2210 1127 2249 ο)
1146 2209 1179 2239 Α
1198 2221 1205 2241 :
1229 2210 1325 2240 oleae
1342 2210 1458 2240 interi-

127 2249 193 2289 plio
211 2249 417 2290 (intrip1i02)
431 2249 464 2279 P
479 2261 485 2280 :
510 2249 586 2280 olea
603 2248 636 2280 in
655 2250 779 2290 tryblio
801 2250 974 2281 Turnebus
1041 2252 1091 2282 vel
1104 2254 1150 2283 sic
1164 2252 1325 2294 distingue
1339 2253 1457 2293 lupillo

125 2293 341 2333 comminuto,
361 2294 511 2324 crustulo
588 2294 652 2333 692
676 2294 798 2325 melius
815 2305 880 2325 om.
896 2295 984 2326 codd.
1000 2296 1104 2326 Nonii
1117 2306 1154 2335 51
1166 2307 1178 2327 1
1194 2297 1242 2332 (A
1262 2307 1293 2328 n.
1308 2297 1346 2328 l)
1361 2297 1396 2336 gi.
1412 2308 1433 2337 9
1450 2309 1458 2336 ;

125 2337 161 2376 ‘f
179 2336 227 2367 ad
241 2336 315 2369 Cas.
333 2337 411 2377 253)
525 2338 679 2368 modeste
702 2338 822 2368 melius
842 2339 1028 2378 vixsewml.
1163 2342 1226 2379 693
1251 2341 1374 2380 quique
1397 2342 1430 2371 A
1450 2352 1456 2370 z

124 2390 291 2420 quemque
309 2381 342 2411 P
471 2382 534 2420 694
561 2381 655 2412 uiunt
672 2382 705 2411 A
727 2383 760 2422 (i.
775 2392 799 2412 e.
821 2383 954 2413 uiuunt,
1115 2385 1180 2424 695
1205 2384 1350 2415 uiuimus
1368 2384 1459 2416 codd.

124 2424 151 2463 (ἔ
163 2423 324 2466 disyllab.)
