1747 2740
134 148 188 186 ΙΙ.
209 147 237 185 ii
622 147 668 184 T.
702 145 883 184 MACCI
915 145 1120 184 PLAVTI

217 262 286 298 ΡΑ.
318 258 416 310 quid
435 258 524 297 ais?
553 264 793 297 certumnest
813 258 939 295 celare
959 257 1039 307 quo
1060 256 1131 295 iter
1150 256 1280 303 facias,
1302 256 1517 308 pessuma?

152 343 196 375 40
217 327 282 364 SO.
314 323 545 363 Offirmastin
567 325 766 361 occultare
787 336 867 372 quo
888 329 926 360 te
946 322 1144 369 immittas,
1168 323 1381 373 pessume?

150 930 191 961 45

150 1455 193 1487 50

218 393 286 428 ΡΑ.
318 403 387 440 par
415 388 498 440 pari
528 389 744 439 respondes
773 387 894 426 dicto.
951 387 1015 426 abi
1045 387 1133 434 iam,
1166 389 1328 438 quando
1359 387 1413 426 ita
1441 394 1548 426 certa

1455 460 1544 491 rest.

215 520 327 558 nihili
347 519 449 559 facio
470 519 578 558 scire.
638 521 781 558 ualeas.
842 520 907 557 So.
940 527 1032 557 asta.
1089 521 1157 557 ΡΑ.
1189 527 1228 557 at
1248 532 1427 570 propero.
1478 520 1543 556 SO.

1199 592 1236 622 et
1257 585 1322 634 pol
1344 597 1418 634 ego
1438 583 1543 622 item.

267 653 336 689 ΡΑ.
369 650 514 701 ecquid
552 650 704 688 habes?
761 651 825 688 So.
858 649 1002 699 ecquid
1032 651 1103 688 tu?
1161 652 1228 687 ΡΑ.
1262 649 1316 687 nil
1345 649 1546 699 equidem.
1566 659 1631 697 225

460 718 525 754 So.
558 717 659 753 cedo
680 729 843 753 manum
863 728 966 765 ergo.
1028 717 1095 753 ΡΑ.
1129 722 1238 753 estne
1259 716 1357 754 haec
1378 716 1547 753 manus?

266 783 331 822 SO.
364 781 432 820 ubi
462 781 527 819 illa
556 781 675 819 altera
695 788 754 819 est
780 780 948 818 furtifica
968 782 1109 819 laeua?
1166 783 1234 818 ΡΑ.
1267 780 1377 819 domi
1397 794 1543 819 eccam.

1153 847 1231 885 huc
1251 847 1400 885 nullam
1421 846 1544 885 attuli.

213 915 278 953 So.
310 914 432 952 habes
472 912 716 962 nescioquid.
777 914 846 950 PA.
885 926 935 951 ne
974 926 1038 951 me
1075 920 1248 960 attrecta,
1291 912 1543 963 subigitatrix.

1189 979 1255 1017 So.
1287 978 1347 1016 sin
1368 986 1406 1017 te
1426 979 1547 1017 amo?

214 1047 283 1085 ΡΑ.
315 1046 417 1084 male
452 1058 611 1095 operam
651 1046 768 1083 locas.
829 1045 893 1083 So.
926 1045 1023 1094 qui?
1081 1046 1149 1082 ΡΑ.
1183 1044 1275 1095 quia
1309 1044 1414 1083 enim
1449 1044 1547 1082 nihil

937 1123 1045 1148 amas
1066 1124 1187 1160 quom
1210 1110 1403 1160 ingratum
1423 1123 1543 1148 amas.

213 1177 278 1215 SO.
310 1175 473 1226 temperi
491 1177 592 1213 hanc
609 1175 769 1225 uigilare
785 1182 940 1225 oportet
957 1176 1164 1213 formulam
1186 1182 1305 1225 atque
1319 1176 1543 1222 aetatulam,

211 1241 272 1290 ne,
295 1241 363 1280 ubi
384 1240 655 1291 uorsicapillus
676 1242 756 1287 fias,
780 1242 896 1278 foede
918 1254 1072 1289 Semper
1092 1240 1248 1278 seruias.
1565 1255 1636 1290 230

211 1307 418 1358 tuquidem
456 1307 564 1345 haud
603 1306 720 1344 etiam
760 1320 801 1344 es
841 1305 1042 1355 octoginta
1075 1307 1222 1355 pondo.
1283 1308 1351 1344 ΡΑ.
1383 1314 1423 1344 at
1456 1319 1547 1344 con-

1385 1371 1548 1411 fidenffia

212 1439 278 1478 illa
298 1438 435 1477 militia
456 1437 643 1476 militatur
664 1439 790 1476 multo
811 1437 925 1487 magi'
947 1450 1065 1487 quam
1087 1438 1272 1488 pondere.

211 1512 331 1555 atque
351 1517 423 1553 ego
444 1504 546 1542 hanc
568 1500 709 1555 [nunc]
731 1503 891 1553 operam
912 1504 1047 1552 perdo.
1099 1504 1162 1540 So.
1196 1503 1292 1552 quid
1313 1502 1420 1541 iam?
1473 1504 1542 1541 ΡΑ.

1067 1567 1158 1617 quia
1178 1568 1325 1618 peritae
1346 1568 1542 1619 praedico.

211 1635 282 1674 sed
302 1648 374 1685 ego
395 1647 517 1673 cesso.
568 1635 632 1672 So.
666 1647 793 1672 mane.
846 1636 914 1672 ΡΑ.
948 1635 1114 1672 molesta
1134 1646 1185 1672 es,
1237 1635 1301 1672 So.
1334 1647 1425 1684 ergo
1443 1632 1547 1686 (ero)

1174 1712 1345 1750 quoque,
1369 1699 1440 1738 nisi
1463 1699 1545 1738 scio

210 1766 291 1817 quo
325 1779 416 1817 agas
450 1773 498 1804 te.
559 1767 628 1804 ΡΑ.
659 1766 711 1804 ad
741 1778 823 1803 uos
884 1767 949 1803 So.
982 1773 1020 1803 et
1050 1766 1116 1815 pol
1147 1778 1220 1815 ego
1249 1766 1300 1803 ad
1330 1778 1412 1803 uos.
1474 1767 1541 1803 ΡΑ.
1565 1773 1630 1809 235

718 1831 815 1881 quid
835 1833 913 1869 eo?
970 1832 1034 1869 So.
1067 1831 1163 1881 quid
1187 1831 1226 1870 id
1247 1833 1297 1870 ad
1319 1839 1357 1870 te
1377 1832 1545 1870 attinet?

213 1899 283 1936 PA.
315 1897 419 1936 enirn
450 1910 530 1935 non
561 1896 634 1935 ibis
664 1910 781 1942 nunc,
805 1895 978 1934 uicissim
1005 1896 1079 1934 nisi
1107 1896 1199 1935 scio.
1260 1898 1324 1935 So.
1358 1897 1541 1935 odiosu's.

1320 1964 1388 2002 ΡΑ.
1422 1963 1541 2002 lubet.

255 2078 315 2099 221
341 2066 448 2110 (sed)
464 2067 544 2107 quid
561 2067 805 2098 Sonnensclm'n
873 2073 1048 2099 certumne
1062 2068 1297 2099 Camerarius:
1323 2074 1450 2099 certum
1476 2068 1541 2100 cod.

211 2122 275 2143 222
299 2112 471 2142 offirmasti
486 2111 552 2142 cod.
570 2113 664 2152 (3pro
676 2112 841 2144 -mauistiff
933 2123 996 2151 223
1022 2113 1070 2142 vel
1086 2124 1139 2143 res
1152 2120 1221 2149 (res
1235 2118 1287 2143 est
1305 2111 1389 2149 cod.)
1481 2123 1544 2152 224

209 2157 288 2187 item
307 2155 538 2186 Camerarius:
564 2155 610 2185 ite
627 2155 694 2187 cod.
713 2156 777 2197 (ire
791 2156 878 2195 PCD)
972 2166 1034 2195 225
1059 2158 1115 2186 w'x
1128 2157 1224 2188 troc-le.
1244 2160 1333 2196 (cum
1351 2156 1471 2196 ecquid
1491 2159 1542 2189 tu)

211 2202 275 2230 226
299 2200 448 2230 eccillam
473 2198 612 2229 Mueller
750 2201 814 2230 228
839 2200 973 2238 ingrata
1002 2200 1068 2230 cod.
1216 2211 1280 2239 23ο
1306 2200 1544 2239 uorsicapillus

211 2243 356 2274 Ritsclael:
400 2243 540 2283 capillus
573 2244 764 2284 uersipellis
797 2243 861 2274 cod.
900 2250 976 2284 (pro
1009 2244 1198 2283 uersipellis
1231 2254 1310 2275 corr.
1349 2244 1544 2283 uersicapil-

210 2287 261 2317 lus
273 2288 300 2322 ’,ἣ
420 2298 483 2327 232
509 2288 574 2319 mil.
595 2288 650 2318 illa
668 2287 812 2318 Ritsclal:
850 2293 905 2317 tua
932 2287 999 2318 mil.
1022 2287 1168 2318 Sclmell:
1204 2298 1244 2318 ea
1269 2287 1333 2318 mil.
1363 2287 1475 2327 Enger
1490 2287 1541 2327 (cf

211 2331 258 2362 ad
272 2331 364 2372 Epid.
388 2333 477 2371 135),
496 2333 613 2371 quibus
632 2333 686 2362 illa
705 2332 822 2362 mssitia
840 2331 980 2371 displicet
1076 2331 1124 2362 vel
1137 2341 1234 2370 mage
1367 2341 1430 2370 233
1455 2341 1543 2363 nunc

926 2375 997 2399 banc

212 2408 270 2440 del.
290 2408 401 2440 Bothe.
455 2409 554 2439 Credo
571 2410 604 2439 in
621 2409 788 2448 archetypo
795 2409 902 2448 fuisse
919 2419 1018 2440 nunc,
1036 2408 1054 2440 i.
1070 2419 1092 2439 e.
1115 2419 1202 2439 nunc
1219 2418 1295 2439 corr.
1315 2409 1348 2438 r'n
1365 2408 1462 2443 hanc.
1480 2408 1547 2438 m'si

212 2452 341 2494 quidem
359 2464 408 2483 vv.
428 2463 534 2493 232e3
551 2453 683 2482 iambici
695 2456 774 2483 sunt
791 2457 881 2492 <cum
897 2452 990 2483 illaec
1009 2452 1091 2492 mil.)
1182 2462 1244 2492 23⁴
1270 2462 1327 2482 ero
1344 2451 1420 2483 add.
1442 2451 1545 2484 Bothe
