1747 2740
155 112 223 153 IV.
248 115 291 152 iii
666 118 712 156 T.
747 119 929 160 MACCI
962 121 1168 160 PLAVTI

247 232 289 264 tu
329 234 467 274 temeto,
510 243 582 279 ego
624 229 864 268 mussitabo:
909 232 986 269 hoc
1025 239 1235 282 optumum
1278 240 1398 283 atque
1434 232 1587 284 aequis-

1333 312 1491 336 sumum
1513 308 1582 337 est.

246 358 322 395 TR.
355 359 498 409 ecquid
520 360 767 399 condicionis
788 362 911 400 audes
932 363 1059 400 ferre?
1103 364 1179 400 GR.
1203 362 1282 401 iam
1302 363 1457 402 dudum
1479 366 1583 403 sero:
1607 377 1698 413 1030

246 430 289 461 ut
308 423 437 470 abeas,
460 426 665 464 rudentem
688 425 855 473 amittas,
879 426 975 464 mihi
998 428 1187 465 molestus
1208 441 1258 466 ne
1278 427 1365 467 sies.

166 504 227 527 100
247 489 322 526 TR.
347 502 462 528 mane
483 491 579 529 dum
600 492 724 530 refero
741 491 1032 530 condicionem.
1089 494 1165 530 GR.
1190 500 1238 539 te,
1257 507 1424 544 opsecro
1440 495 1582 542 hercle,

1318 561 1427 598 aufer
1447 562 1582 600 modo.

245 623 320 660 TR.
345 638 511 674 ecquem
528 624 566 662 in
585 623 667 662 heis
685 623 780 662 locis
801 622 977 662 nouisti?
1017 625 1093 661 GR.
1117 632 1273 675 oportet
1289 624 1442 663 uicinos
1459 640 1581 665 meos.

244 689 320 726 TR.
353 690 420 727 ubi
451 698 492 728 tu
523 689 587 728 hic
616 688 800 727 habitas?
869 689 945 726 GR.
978 702 1095 739 porro
1125 688 1203 728 illic
1233 691 1349 741 longe
1381 705 1508 742 usque
1541 691 1581 730 in

1235 755 1385 806 campis
1406 756 1579 796 ultumis.

242 821 317 858 TR.
351 820 418 859 uin
440 821 506 871 qui
528 822 565 859 in
590 823 664 859 hac
686 820 778 858 uilla
799 819 960 866 habitat,
985 819 1083 858 eiius
1105 819 1294 859 arbitratu
1315 821 1428 860 fieri?
1606 833 1691 870 1035

242 889 318 924 GR.
352 887 563 937 paullisper
584 886 737 925 remitte
758 893 900 924 restem
922 886 1019 923 dum
1041 887 1223 924 concedo
1243 894 1282 924 et
1303 889 1479 926 consulo.

160 966 218 998 105
242 953 276 989 T
282 964 318 989 R.
351 953 426 990 fiat.
488 955 566 992 GR.
598 954 742 1002 eugae!
776 952 885 989 salua
914 964 974 989 res
1001 958 1070 997 est,
1093 952 1241 1000 praeda
1268 953 1366 991 haec
1393 962 1583 1004 perpetua

1389 1026 1446 1056 est
1468 1032 1556 1058 mea
1571 1034 1581 1067 ,·

238 1084 291 1121 ad
314 1097 444 1122 meum
467 1098 575 1123 erum
592 1084 780 1123 arbitrum
802 1090 919 1121 uocat
936 1096 999 1120 me
1019 1081 1084 1120 hic
1106 1082 1208 1121 intra
1227 1083 1425 1134 praesepis
1446 1098 1577 1124 meas:

239 1162 457 1199 numquam
480 1151 610 1188 hercle
631 1148 750 1187 hodie
771 1147 1017 1186 abiudicabit
1037 1148 1088 1185 ab
1109 1161 1182 1186 suo
1203 1148 1428 1188 triobolum.

238 1213 288 1252 ne
328 1214 399 1252 iste
438 1216 516 1253 hau
561 1214 633 1253 scit
679 1227 797 1264 quam
846 1211 1127 1251 condicionem
1173 1212 1353 1251 tetulerit.
1415 1214 1481 1253 ibo
1525 1217 1577 1254 ad
1600 1228 1690 1263 1040

1373 1279 1574 1318 arbitrum.

238 1347 314 1383 ΤΗ.
352 1346 447 1396 quid
483 1346 625 1397 igitur?
701 1348 777 1383 Gn.
811 1357 1052 1394 quamquam
1086 1343 1186 1382 istuc
1225 1358 1311 1383 esse
1346 1344 1404 1383 ius
1444 1359 1576 1384 meum

1352 1418 1460 1449 certo
1480 1411 1574 1458 scio,

152 1493 213 1517 110
236 1478 303 1516 fiat
338 1477 437 1516 istuc
469 1477 600 1529 potius
636 1490 754 1527 quam
790 1490 897 1514 nunc
932 1488 1105 1525 pugnem
1138 1482 1281 1513 tecum.
1356 1477 1432 1513 ΤΗ.
1469 1489 1575 1514 nunc

1428 1543 1574 1592 places.

233 1611 310 1648 GR.
343 1623 585 1660 quamquam
613 1610 664 1648 ad
690 1608 867 1659 ignotum
895 1607 1085 1646 arbitrum
1114 1620 1177 1645 me
1204 1606 1380 1657 appellis,
1404 1606 1435 1645 si
1465 1607 1574 1646 adhi-

1307 1671 1418 1710 bebit
1437 1673 1570 1720 fidem,

231 1739 304 1779 etsi
324 1739 509 1790 ignotust,
532 1748 673 1778 notus:
705 1738 735 1777 si
757 1752 850 1785 non,
874 1746 991 1777 notus
1012 1736 1322 1788 ignotissumust.

161 1903 208 1938 iv
354 1900 635 1936 DAEMONE
780 1899 990 1935 (¹1R1va
1103 1898 1442 1935 TRACHALIO

519 1966 851 2002 PALAESTRA
965 1964 1296 2000 AMPEL15CA

229 2065 306 2102 DA.
352 2063 462 2102 Serio
501 2065 655 2114 edepol,
692 2075 933 2113 quamquam
974 2061 1089 2100 uobis
1126 2059 1257 2113 (uolo)
1294 2075 1395 2111 quae
1434 2062 1562 2108 uoltis,
1589 2078 1674 2114 1045

1369 2127 1562 2174 mulieres,

229 2202 364 2234 metuo
386 2204 543 2246 propter
564 2208 635 2234 uos
657 2209 706 2233 ne
727 2207 823 2233 uxor
844 2207 932 2232 mea
954 2207 1016 2232 me
1037 2194 1216 2232 extrudat
1236 2192 1414 2239 aedibus,

274 2301 356 2339 1038
381 2301 446 2330 huc
467 2299 571 2330 Bothe
672 2309 754 2339 1039
778 2298 878 2337 deficit
893 2297 926 2327 A
1031 2307 1112 2336 1042
1137 2298 1220 2328 istac
1237 2297 1374 2338 Seyffert
1481 2307 1560 2338 1044

226 2344 291 2374 etsi
305 2345 457 2383 ignotust
474 2343 665 2375 Aa'dalius:
692 2344 788 2374 etsist
806 2343 942 2382 ignotus
959 2341 1023 2372 cod.
1044 2342 1096 2379 (cs.
1117 2341 1163 2372 ad
1175 2340 1271 2372 Merc.
1290 2343 1370 2381 330*i
1479 2353 1561 2382 1045

226 2388 323 2418 uobis
345 2386 468 2430 (uolo)
496 2387 677 2418 Gruterus:
702 2387 780 2417 uolo
805 2396 869 2424 ego
886 2395 948 2415 uos
973 2384 1112 2415 Mueller
1134 2384 1266 2425 (Rham.
1289 2385 1378 2417 Mus.
1402 2395 1453 2425 54,
1479 2390 1559 2426 5345

230 2434 312 2470 1046
337 2442 422 2462 uxor
439 2443 480 2462 ne
498 2432 583 2462 Βνιζτ
672 2432 720 2462 vel
736 2432 810 2461 med
1029 2458 1049 2476 x
