1747 2740
754 155 980 193 RVDENS
1462 153 1528 190 lV.
1552 152 1596 189 vi

193 268 269 304 TR.
304 267 362 305 fac
384 274 425 304 ut
448 279 583 305 exores
606 264 880 316 Plesidippum
903 271 945 302 ut
966 277 1029 303 me
1051 261 1210 316 (manu)
1227 263 1389 301 (emittat.
1454 264 1528 300 DA.

1428 328 1529 367 licet.

194 399 270 436 ΤΚ.
303 406 341 436 et
363 405 428 435 tua
450 397 527 435 filia
548 396 667 435 facito
688 404 772 435 oret
790 411 797 434 :
827 396 939 434 facile
961 395 1147 434 exorabit.
1212 397 1286 433 lm.
1320 394 1420 432 licet.

85 479 175 504 1220
193 465 270 501 ΤΚ.
302 471 420 513 atque
442 470 484 500 ut
512 462 566 500 mi
587 462 819 512 Ampelisca
839 462 974 508 nubat,
997 460 1066 499 ubi
1086 474 1160 511 ego
1181 460 1254 498 sim
1284 459 1391 498 liber.
1454 462 1530 498 DA.

1429 526 1531 564 licet,

191 598 266 634 TR.
299 604 419 646 atque
450 603 492 633 ut
521 603 676 645 gratum
707 594 761 632 mi
791 593 1032 633 beneficium
1064 592 1175 631 factis
1206 591 1391 643 experiar.
1454 593 1530 629 DA.

1429 657 1530 695 licet.

192 728 268 765 TR.
301 725 464 764 omnian
486 725 606 764 licet?
666 726 744 763 DA.
775 724 890 763 licet:
921 723 993 762 tibi
1014 737 1148 761 rusum
1170 724 1294 762 refero
1315 722 1490 773 gratiam.

192 793 263 831 sed
292 805 460 843 propera
487 791 540 830 ire
568 791 608 829 in
636 792 775 829 urbem
803 798 981 829 actutum
1003 798 1041 828 et
1068 789 1199 840 recipe
1220 797 1257 828 te
1286 791 1364 827 huc
1385 802 1530 827 rusum.

1320 857 1396 893 TR.
1429 855 1531 893 licet.

191 924 269 962 iarn
291 924 355 962 hic
376 937 454 963 ero.
515 930 557 962 tu
581 922 738 962 interibi
759 923 910 961 adorna
931 929 1106 961 ceterum
1132 922 1241 971 quod
1264 922 1530 971 opust—DA.

1429 986 1530 1024 licet.

85 1066 170 1103 1225
194 1056 390 1094 Hercules
413 1055 531 1093 istum
553 1054 728 1092 infelicet
748 1067 840 1092 cum
862 1067 932 1092 sua
953 1053 1111 1092 licentia
1129 1056 1135 1091 l

192 1121 245 1160 ita
265 1134 373 1159 meas
395 1119 561 1171 repleuit
581 1119 684 1158 auris
706 1118 903 1169 quidquid
926 1118 1196 1156 memorabam
1223 1118 1359 1156 ‘licet.'

541 1230 756 1268 GRIPVS
870 1230 1186 1267 DAEMONES

302 1314 379 1352 GR.
414 1313 547 1361 Quam
569 1324 662 1350 mox
681 1310 773 1353 licet
794 1318 832 1349 te
853 1311 1104 1361 compellare,
1127 1312 1388 1350 Daemones?

302 1381 379 1417 DA.
413 1377 510 1428 quid
532 1385 591 1416 est
612 1376 758 1427 negoti,
782 1376 934 1426 Gripe?
993 1378 1069 1414 GR.
1103 1378 1154 1415 de
1176 1376 1243 1415 illo
1264 1377 1402 1416 uidulo
1420 1393 1426 1415 :

301 1444 332 1483 si
353 1444 493 1495 sapias,
517 1443 671 1494 sapias;
702 1443 849 1481 habeas
871 1443 982 1493 quod
1004 1442 1043 1481 di
1066 1444 1219 1481 danunt
1242 1443 1347 1482 boni.

85 1527 174 1563 1230
303 1512 379 1548 DA.
412 1522 584 1560 aequom
606 1508 764 1547 uidetur
784 1507 866 1554 tibi,
891 1516 933 1546 ut
956 1522 1029 1558 ego
1052 1508 1225 1547 alienum
1248 1511 1356 1559 quod
1379 1517 1436 1548 est

301 1589 435 1614 meum
457 1588 543 1614 esse
564 1574 726 1613 dicam?
784 1575 861 1612 GR.
896 1575 1058 1624 quodne
1083 1588 1157 1625 ego
1179 1575 1314 1613 inueni
1337 1576 1374 1613 in
1398 1576 1524 1614 mari?

303 1643 380 1679 DA.
413 1649 525 1679 tanto
545 1640 600 1678 illi
622 1639 762 1678 melius
784 1639 924 1690 optigit
946 1639 1013 1690 qui
1035 1640 1207 1690 perdidit
1223 1656 1231 1688 3

301 1716 413 1746 tuom
435 1720 521 1745 esse
542 1706 668 1744 nihilo
689 1704 812 1755 magis
836 1713 991 1756 oportet
1014 1705 1205 1745 uidulum.

303 1774 380 1811 GR.
413 1773 489 1810 isto
510 1779 551 1810 tu
573 1785 722 1822 pauper
744 1784 784 1810 es
807 1784 930 1821 quom
957 1771 1064 1809 nimi'
1088 1780 1222 1810 sancte
1244 1772 1353 1823 piu's.

85 1852 170 1889 1²35
305 1840 381 1877 DA.
414 1852 439 1876 o
461 1838 594 1888 Gripe,
618 1837 750 1888 Gripe,
774 1837 814 1874 in
836 1845 964 1875 aetate
987 1837 1194 1875 hominum
1218 1839 1424 1888 plurumae

303 1906 403 1943 fiunt
423 1913 641 1951 trasennae‚
665 1904 733 1942 ubi
755 1904 1009 1955 decipiuntur
1029 1904 1142 1942 dolis.

302 1978 421 2021 atque
442 1971 586 2021 edepol
607 1970 647 2008 in
668 1983 734 2009 eas
756 1972 990 2021 plerumque
1013 1983 1103 2008 esca
1124 1969 1339 2020 imponitur
1357 1985 1363 2007 z

302 2049 421 2086 quam
444 2035 475 2074 si
496 2036 583 2086 quis
604 2036 745 2075 auidus
766 2036 893 2087 poscit
917 2049 1047 2074 escam
1069 2035 1246 2082 auariter,

301 2101 496 2152 decipitur
518 2101 556 2139 in
578 2109 761 2140 trasenna
781 2101 945 2140 auaritia
966 2115 1045 2139 sua.

86 2182 174 2216 1240
302 2169 353 2207 ill’
374 2169 441 2220 qui
463 2171 653 2216 consulte,
676 2171 796 2208 docte
816 2178 936 2220 atque
957 2178 1086 2208 astute
1107 2178 1233 2217 canet,

301 2235 455 2274 diutine
478 2235 532 2274 uti
554 2236 657 2274 bene
677 2235 768 2274 licet
790 2243 944 2285 partum
966 2236 1079 2274 bene.

241 2342 323 2372 1218
347 2352 400 2371 me
417 2352 483 2372 om.
502 2340 533 2371 Β
621 2350 722 2371 manu
740 2340 816 2372 add.
835 2340 1009 2372 Fleckeisen
1023 2345 1098 2382 post
1116 2341 1349 2373 Cameram'um
1452 2352 1534 2372 1222

193 2385 305 2416 omnia
321 2385 386 2416 cod.
406 2398 412 2416 :
436 2396 515 2416 corr.
538 2384 752 2416 Camerarius
889 2395 971 2423 1229
996 2386 1124 2416 danunt
1145 2387 1234 2422 (cum
1252 2391 1412 2426 suprascr.
1429 2386 1529 2426 gloss.

193 2429 287 2461 dant)
305 2429 372 2460 cod.
401 2433 437 2459 ut
463 2429 529 2460 vid.
552 2428 660 2466 (aliter
680 2427 746 2459 Leo
776 2430 954 2469 ‘scriptum
981 2428 1119 2469 duplex,
1148 2430 1180 2460 di
1207 2430 1286 2460 dant
1310 2427 1440 2460 boni‘et
1463 2430 1531 2462 diui

192 2472 358 2515 danunt'>
497 2482 577 2513 1232
603 2472 724 2504 melius
741 2472 787 2504 illi
805 2473 870 2505 cod.
891 2485 897 2503 :
922 2474 994 2504 trm'.
1014 2472 1148 2512 Bentley

1557 934 1596 956 20

1554 1228 1616 1265 vii

1559 1591 1576 1622 5

1558 1916 1599 1939 10

1558 2248 1594 2281 15
