1747 2740
212 168 242 207 I.
264 169 310 205 iii
670 171 716 207 T.
751 170 934 209 MACCI
967 170 1171 208 PLAVTI

371 279 445 317 GE.
477 292 558 328 quo
579 292 686 318 nunc
707 277 768 318 is?
825 280 900 319 CR.
923 279 974 318 ad
995 286 1045 319 te.
1103 280 1178 318 GE.
1201 278 1298 329 quid
1318 278 1462 318 uenis?
1517 279 1591 319 CR.

1384 343 1593 395 Panegyris

199 423 241 457 95
368 423 502 459 rogare
523 408 633 447 iussit
654 410 720 448 ted
741 416 784 447 ut
804 423 923 460 opere
945 423 1131 448 maxumo

368 488 523 513 mecum
545 473 678 512 simitu
699 482 742 513 ut
763 474 836 513 ires
857 475 908 513 ad
929 488 1015 513 sese
1036 475 1213 514 domum.

367 542 441 578 GE.
474 553 546 589 ego
567 538 634 577 illo
656 540 854 579 mehercle
875 553 970 579 uero
991 553 1039 578 eo
1059 546 1251 589 quantum
1274 546 1414 590 potest.
1612 553 1681 589 250

366 604 497 643 iamne
519 613 607 643 exta
628 612 742 644 cocta
762 606 884 643 sunt?
913 612 1011 655 quot
1031 603 1141 654 agnis
1163 605 1337 643 fecerat?

367 671 443 710 CR.
502 669 567 708 illa
618 669 781 721 quidem
835 671 988 708 nullum
1041 668 1300 708 sacruficauit.
1387 671 1461 709 GE.
1512 683 1593 720 quo

1441 736 1564 775 modo
1577 738 1594 774 ?

179 817 239 840 100
365 800 462 851 quid
484 800 598 851 igitur
618 814 681 840 me
703 802 816 840 uolt?
872 802 947 841 CR.
980 800 1095 839 tritici
1118 800 1273 840 modios
1294 801 1434 839 decem

365 879 513 916 rogare,
529 865 680 916 opinor,
700 874 737 905 te
757 867 851 905 uolt.
903 867 977 905 GE.
1002 879 1128 913 mene,
1153 873 1195 904 ut
1214 865 1265 904 ab
1287 863 1407 918 se'[se]
1428 868 1591 916 petam?

365 933 440 972 CR.
472 930 596 969 immo
622 929 626 982 Ι
653 938 695 969 ut
715 944 738 969 a
757 930 872 969 uobis
894 938 1075 969 mutuom
1096 930 1212 969 nobis
1233 931 1356 969 dares.
1608 940 1673 977 255

365 998 440 1036 GE.
473 1010 573 1047 nega
593 1010 678 1035 esse
700 997 809 1046 quod
830 996 923 1035 dem
945 1009 1018 1034 nec
1040 995 1136 1034 mihi
1158 1009 1231 1035 nec
1253 1003 1433 1034 mutuom

364 1075 495 1112 neque
514 1060 621 1100 aliud
643 1061 857 1112 quicquam
879 1060 951 1099 nisi
974 1062 1051 1100 hoc
1071 1062 1180 1112 quod
1202 1061 1332 1101 habeo
1352 1060 1514 1112 pallium
1533 1077 1543 1110 5

175 1145 236 1176 105
364 1127 537 1178 linguam
559 1140 718 1177 quoque
739 1125 857 1165 etiarn
878 1126 1042 1166 uendidi
1062 1125 1264 1166 datariam.

366 1193 440 1232 CR.
472 1205 522 1230 au
543 1194 549 1229 1

363 1259 497 1295 nullan
516 1256 586 1295 tibi
603 1257 735 1307 lingua
752 1258 841 1296 est?
890 1258 964 1295 GE.
988 1270 1090 1307 quae
1105 1256 1269 1307 quidem
1286 1256 1393 1297 dicat
1415 1261 1424 1278 ‘
1437 1258 1543 1298 dabo
1557 1259 1589 1307 '3
1610 1263 1678 1299 260

364 1322 490 1362 uentri
511 1321 650 1373 reliqui
672 1321 807 1361 e'ccam
828 1335 929 1372 quae
950 1321 1055 1361 dicat
1080 1326 1088 1342 ‘
1103 1323 1229 1361 cedo.'

365 1390 440 1428 CR.
474 1389 621 1426 malum
644 1387 805 1438 quidem
828 1388 859 1425 si
880 1386 1071 1425 uis—GE.
1105 1387 1203 1425 haec
1227 1388 1368 1426 eadem
1389 1387 1485 1427 dicit
1506 1388 1588 1427 tibi.

177 1466 238 1490 110
365 1455 440 1493 CR.
474 1452 570 1503 quid
587 1455 723 1491 nunc?
752 1452 885 1491 ituru’s
901 1466 951 1490 an
967 1453 1079 1491 non?
1127 1454 1201 1491 GE.
1224 1452 1288 1492 abi
1303 1466 1397 1492 sane
1411 1454 1588 1500 domum,

364 1517 440 1556 iam
463 1517 529 1556 illo
551 1525 761 1556 uenturum
778 1516 910 1556 dicito.
970 1530 1135 1568 propera
1154 1525 1274 1568 atque
1294 1517 1428 1557 abi.—
1610 1519 1726 1564 264-5

363 1583 536 1622 demiror
555 1582 652 1633 quid
673 1582 785 1621 illaec
807 1596 870 1621 me
890 1583 942 1622 ad
963 1596 1004 1622 se
1024 1582 1167 1622 arcessi
1188 1582 1356 1631 iusserit,

363 1663 466 1699 quae
487 1662 706 1699 numquam
728 1648 839 1687 iussit
861 1662 925 1687 me
944 1650 995 1688 ad
1017 1662 1058 1687 se
1078 1648 1220 1688 arcessi
1241 1656 1334 1688 ante
1354 1649 1461 1689 hunc
1480 1649 1588 1690 diem

364 1722 574 1766 postquam
595 1714 654 1753 uir
673 1713 769 1753 abiit
790 1713 899 1753 eiius.
960 1714 1078 1754 miror
1098 1714 1195 1765 quid
1215 1714 1288 1754 siet
1305 1730 1312 1753 τ

176 1793 234 1826 115
364 1779 438 1818 nisi
459 1787 501 1818 ut
522 1779 711 1830 periclum
734 1780 800 1818 fiat
821 1780 947 1819 uisam
969 1779 1065 1830 quid
1086 1779 1192 1819 uelit.

363 1846 433 1884 sed
453 1858 593 1884 eccum
616 1844 820 1883 Pinacium
843 1844 941 1884 eiius
962 1858 1138 1895 puerum.
1198 1845 1275 1884 hoc
1296 1844 1399 1891 uide,
1607 1860 1675 1894 270

299 1945 362 1988 24'8
386 1948 436 1990 ut]
455 1949 520 1979 hoc
537 1947 655 1989 Bngge
787 1958 851 1988 249
874 1949 915 1979 ad
929 1958 1003 1979 sese
1021 1946 1172 1988 domum]
1191 1959 1232 1979 eo
1249 1953 1408 1988 quantum
1426 1954 1538 1989 potest
1550 1949 1584 1979 A

257 1993 302 2034 (ν.
320 1994 356 2034 4)
490 2003 555 2032 250
577 1993 655 2023 illuc
668 1992 701 2022 A
721 1993 794 2034 (pro
805 1992 880 2023 illoc
893 1993 918 2024 35
1053 2002 1112 2032 251
1141 1993 1230 2031 quod
1245 1993 1351 2023 tacnis
1364 1993 1396 2024 P
1413 1994 1586 2034 kproquod

255 2048 334 2068 corr.
360 2036 458 2076 quot)
591 2046 653 2075 252
678 2036 879 2067 sacrificabit
896 2035 969 2066 PsD
1102 2045 1174 2075 253,
1202 2046 1266 2075 254
1291 2036 1381 2075 Quid
1405 2036 1508 2076 igitur
1532 2047 1586 2068 me

257 2080 327 2112 uolt
353 2090 450 2110 mene
476 2084 511 2111 ut
535 2091 553 2110 a
579 2090 656 2111 sese
686 2085 797 2120 petam
821 2079 938 2111 Tritici
966 2079 1095 2110 modios
1119 2080 1238 2110 decem
1263 2090 1382 2119 rogare
1407 2081 1528 2120 opinor
1553 2086 1585 2111 te

256 2124 327 2165 uolt
340 2124 372 2153 A
390 2123 439 2162 rii,
453 2134 484 2163 p.
499 2124 557 2163 38)
648 2133 711 2163 254
728 2123 778 2154 vel
792 2124 897 2163 opino
976 2128 1008 2154 tc
1026 2124 1096 2154 uolt
1113 2122 1170 2155 del.
1187 2123 1346 2154 Gruterus
1422 2133 1459 2154 se
1470 2123 1583 2163 Bothe,

254 2168 313 2199 sed
333 2167 404 2199 vide
428 2178 466 2198 ne
488 2167 609 2207 duplex
625 2167 836 2207 lectiofi1en·t‚
854 2172 887 2197 te
912 2166 980 2197 uolt
997 2170 1026 2197 c!
1049 2177 1148 2198 mene
1281 2177 1344 2206 255
1368 2166 1418 2198 vel
1431 2168 1477 2198 uti
1566 2178 1585 2198 a

255 2212 367 2251 uobis]
400 2212 460 2242 abs
492 2216 524 2242 tc
553 2212 586 2242 P
611 2219 655 2251 (v.
688 2221 698 2240 1
718 2212 766 2243 ³5:
806 2210 886 2252 (tu)
917 2221 935 2240 a
969 2211 1064 2241 uobis
1094 2210 1190 2241 Goetz
1365 2211 1430 2250 256
1462 2217 1586 2250 negato

255 2255 376 2295 P<pr0
402 2257 524 2294 negat?
559 2255 597 2296 cJZ
625 2254 673 2285 ad
691 2254 779 2286 Rnd.
812 2264 900 2289 1212,
933 2256 1030 2294 1333)
1165 2255 1229 2294 258
1253 2255 1405 2285 uendidit
1426 2255 1531 2285 ariam
1557 2255 1589 2286 Ρ

254 2309 318 2338 259
342 2299 391 2329 vrl
405 2301 438 2329 1'11
447 2300 520 2338 fine
535 2310 562 2330 v.
580 2299 701 2339 prioris
717 2298 828 2329 colloca
961 2300 1026 2329 260
1050 2298 1174 2329 nullam
1191 2298 1224 2327 A
1245 2310 1251 2329 z
1276 2298 1363 2328 nulla
1382 2298 1414 2328 P
1521 2299 1579 2328 261

256 2344 382 2384 uentri]
402 2349 553 2373 ueterem
572 2343 603 2373 P
689 2353 801 2373 eccam
819 2341 907 2372 illam
928 2341 1002 2379 Pj.
1017 2353 1039 2372 e.
1058 2342 1223 2373 eccillam}
1243 2354 1249 2373 ε
1273 2351 1388 2373 eccam
1405 2341 1502 2372 aliam
1523 2342 1586 2372 Leo

256 2389 318 2417 262
342 2387 477 2426 quidem
497 2387 522 2416 si
542 2386 610 2426 uis]
629 2386 687 2416 tibi
706 2387 737 2417 di
754 2387 834 2416 dcnt
852 2385 890 2418 P.
911 2385 1029 2425 duplex
1049 2385 1145 2419 ΙιτΙίο,
1160 2387 1225 2416 nisi
1243 2385 1356 2417 are-idi!
1371 2396 1459 2416 unus
1475 2395 1586 2418 versus

251 2430 615 2471 propterhomocoarclt.
750 2440 813 2468 270
838 2430 900 2459 hoc
912 2429 957 2459 sis
970 2430 1046 2460 uide
1064 2429 1236 2460 Fleckeisen
