1747 2740
118 251 183 289 475

115 575 187 616 480

111 1029 178 1073 485

109 1361 180 1396 490

109 1756 175 1792 495

756 126 986 165 RVDENS
1492 123 1546 162 ΙΙ.
1570 134 1601 161 v

315 247 359 278 ut
379 239 695 289 comprehendar
714 251 806 275 cum
829 250 938 275 sacra
958 250 1057 274 urna
1077 235 1259 274 Veneria.

315 319 460 356 nempe
480 312 647 354 optumo
666 302 767 354 (me)
786 303 868 341 iure
889 302 929 341 in
951 302 1092 341 uinclis
1114 302 1244 341 enicet

315 369 561 420 magistratus
583 368 613 407 si
635 368 724 419 quis
745 382 809 407 me
830 369 934 406 hanc
955 368 1102 406 habere
1123 367 1277 406 uiderit.
1569 382 1610 405 20

314 450 406 474 nam
428 437 525 474 haec
546 435 766 482 litteratast,
787 448 906 484 eapse
926 441 1060 472 cantat
1081 433 1201 483 quoia
1221 433 1280 472 sit.

314 502 392 540 iam
413 503 543 540 hercle
564 500 746 539 euocabo
768 500 860 538 hinc
882 501 985 537 hanc
1007 500 1255 537 sacerdotem
1277 501 1391 547 foras,

313 574 356 605 ut
376 568 479 605 hanc
499 565 668 616 accipiat
688 579 839 604 urnam.
900 567 1090 604 accedam
1112 566 1190 603 huc
1210 567 1261 603 ad
1283 567 1395 603 fores.

313 634 422 679 heus,
445 631 565 682 Agasi
587 631 907 678 Ptolemocratia,
928 632 1026 681 cape
1047 631 1150 668 hanc
1172 644 1309 667 urnam
1332 630 1401 668 tibi
1419 646 1426 669 :

312 697 541 736 muliercula
561 698 665 735 hanc
686 696 928 746 nescioquae
949 697 1026 734 huc
1046 697 1098 734 ad
1120 709 1184 734 me
1205 695 1356 734 detulit.
1570 711 1607 743 25

311 762 413 801 intro
434 764 647 801 ferundast.
708 762 861 813 repperi
882 762 1098 812 negotium,

311 827 509 878 siquidem
531 826 627 865 mihi
649 827 709 866 his
731 828 833 866 ultro
854 827 1086 878 adgerunda
1106 826 1225 864 etiam
1248 834 1305 864 cst
1326 840 1498 877 aqua.—

528 939 759 975 LABRAX
873 938 1220 977 CHARMIDES
1567 937 1612 973 vi

311 1023 383 1060 LA.
416 1020 522 1070 †Qui
544 1022 667 1059 homo
688 1034 775 1058 sese
796 1020 984 1058 miserum
1007 1028 1045 1058 et
1067 1020 1296 1058 mendicum
1319 1022 1467 1067 uolet†,

311 1088 502 1136 Neptuno
522 1087 656 1123 credat
678 1099 764 1123 sese
784 1093 905 1135 atque
925 1093 1095 1123 aetatem
1118 1098 1228 1123 suam
1248 1100 1255 1123 :

309 1166 401 1190 nam
423 1151 453 1189 si
475 1151 562 1201 quis
582 1152 674 1188 011111
696 1164 745 1189 eo
765 1151 864 1201 quid
885 1150 939 1189 rei
960 1151 1224 1198 commiscuit,

307 1218 358 1256 ad
378 1218 456 1255 1100
476 1217 702 1266 exemplum
722 1216 868 1254 amittit
889 1224 1073 1255 ornatum
1095 1218 1273 1255 domum.

307 1284 462 1333 edepol,
487 1282 677 1328 Libertas,
701 1281 834 1341 lepida
855 1295 897 1320 es
918 1295 1020 1332 quae
1042 1296 1261 1333 numquam
1284 1285 1428 1333 pedem
1565 1298 1582 1329 5

308 1348 469 1387 uoluisti
489 1347 529 1386 in
550 1362 695 1386 nauem
717 1362 808 1386 cum
833 1350 1010 1386 Hercule
1032 1362 1110 1387 una
1132 1349 1347 1399 imponere.

307 1416 378 1453 sed
399 1414 467 1453 tibi
488 1414 552 1452 ille
573 1427 685 1452 meus
706 1422 765 1452 est
786 1415 932 1464 hospes
953 1414 1021 1464 qui
1044 1428 1107 1453 me
1128 1415 1332 1465 perdidit?

306 1488 426 1531 atque
465 1493 605 1518 eccum
652 1479 801 1518 incedit
819 1483 825 1518 1
899 1481 977 1520 CH.
1016 1494 1097 1531 quo
1140 1483 1288 1520 malum
1338 1496 1539 1533 propera&

1359 1549 1513 1587 Labrax
1527 1552 1542 1587 P

307 1626 399 1650 nam
420 1611 607 1662 equidem
629 1619 667 1649 te
689 1625 846 1662 nequeo
867 1612 1058 1662 consequi
1079 1619 1159 1650 tam
1182 1620 1351 1651 strenue.

308 1681 379 1716 LA.
413 1678 564 1716 utinam
586 1686 624 1716 te
645 1677 742 1727 priu'
763 1691 883 1728 quam
906 1678 1031 1716 oculis
1053 1678 1241 1717 uidissem
1265 1680 1362 1718 meis
1565 1693 1602 1713 10

308 1745 413 1782 malo
435 1743 610 1781 cruciatu
632 1743 671 1780 in
693 1743 825 1781 Sicilia
846 1744 1072 1794 perbiteres,

306 1823 425 1860 quem
448 1816 606 1859 propter
627 1810 703 1846 hoc
725 1808 821 1846 mihi
843 1809 983 1860 optigit
1005 1810 1149 1849 misero
1170 1811 1273 1849 mali.

306 1877 384 1915 CH.
417 1875 579 1922 utinam,
595 1887 717 1924 quom
732 1875 771 1913 in
785 1875 895 1914 aedis
911 1890 974 1914 me
989 1878 1040 1914 ad
1057 1884 1095 1914 te
1110 1877 1309 1916 adduxisti
1325 1877 1536 1931 (domum),

305 1941 344 1979 in
366 1953 520 1979 carcere
541 1939 608 1977 illo
629 1940 761 1990 potius
782 1941 1010 1980 cubuissem
1034 1941 1109 1980 die.

304 2009 483 2057 deosque
504 2005 721 2044 inmortalis
742 2020 903 2057 quaeso,
926 2009 1023 2046 dum
1045 2008 1168 2055 ninas,
1192 2009 1247 2047 uti
1562 2021 1599 2053 15

238 2115 303 2153 476
326 2123 378 2142 me
403 2111 478 2142 add.
509 2110 722 2142 Cmnerarius
869 2113 931 2151 481
958 2113 1080 2153 Agasi]
1108 2115 1163 2143 exi
1191 2113 1328 2153 quffcrt
1474 2117 1539 2153 482

194 2157 352 2188 accedz'tA
372 2168 379 2194 ;
404 2156 536 2194 482—98
555 2156 761 2195 paum'ssima
779 2155 813 2186 in
832 2156 934 2186 initiis
949 2160 1079 2187 servata
1236 2158 1301 2196 484
1326 2158 1379 2188 his
1396 2159 1477 2188 mihi
1496 2159 1534 2196 P,

194 2201 226 2231 A
247 2212 279 2232 n.
298 2200 318 2231 l.
341 2211 347 2231 ε
372 2200 445 2230 irai.
465 2199 547 2229 Reiz
565 2199 687 2239 (sedes.
707 2199 986 2240 Kaempf‘prou.
1006 2200 1103 2241 pers)
1121 2211 1150 2240 p.
1173 2201 1230 2235 28}
1355 2203 1418 2240 485
1444 2213 1538 2233 sesse

194 2243 228 2274 P
258 2246 334 2285 (pro
368 2254 405 2274 se
442 2253 518 2273 esse
546 2243 596 2274 vel
617 2253 693 2274 sese
726 2254 802 2274 esse
817 2246 854 2283 ἓ),
883 2244 915 2274 A
946 2256 975 2274 n.
1006 2245 1026 2275 l.
1048 2256 1054 2274 :
1080 2240 1298 2286 (hominem)
1328 2256 1403 2275 sese
1436 2246 1539 2276 Bollw

195 2299 260 2327 490
282 2298 383 2318 unam
416 2287 449 2318 Β
477 2287 545 2328 (vii.
573 2287 620 2326 4),
650 2288 682 2317 A
707 2299 736 2318 n.
755 2288 774 2320 l.
928 2299 991 2327 494
1017 2287 1156 2331 (hisce)
1182 2289 1288 2319 oculis
1314 2289 1426 2328 Marx,
1454 2301 1535 2320 nam

196 2343 298 2371 neque
312 2337 406 2372 prius
426 2342 525 2370 neque
544 2342 642 2370 quam
667 2330 671 2373 Ι
691 2331 800 2362 0011115
815 2332 895 2362 satis
906 2332 1036 2371 placent
1052 2333 1103 2371 (cf.
1123 2334 1200 2371 455N
1308 2343 1370 2372 495
1395 2334 1534 2364 siciliam

195 2375 236 2412 P,
254 2377 286 2406 A
309 2387 339 2407 n.
364 2376 406 2406 l.:
432 2386 510 2406 corr.
539 2375 753 2405 Camerarius
885 2386 948 2414 497
975 2377 1112 2406 domum
1139 2376 1216 2406 add.
1239 2377 1380 2407 Min-lm·
1400 2378 1532 2411 (le‘u.

196 2418 283 2451 Mus.
303 2430 354 2459 54,
375 2421 453 2459 533)
476 2420 521 2453 (A
542 2430 572 2450 n.
595 2419 658 2459 l.):
683 2418 802 2461 (tuas)
821 2419 1033 2450 Camerarius
1166 2422 1319 2460 499-516
1332 2422 1536 2461 paucissima

195 2465 229 2496 in
246 2465 395 2495 extremis
412 2464 554 2497 vprsz'bus
569 2467 698 2496 servata
715 2464 746 2495 A
