1747 2740
623 135 1037 176 TRVCVLENTVS
1447 138 1500 176 11.
1522 138 1569 175 iv

166 248 232 285 D1.
265 247 416 286 lubens.
476 245 589 286 heia!
619 247 696 285 hoc
718 253 776 285 est
798 248 912 285 melle
934 246 1039 285 dulci
1061 246 1227 285 dulcius.
1522 263 1564 284 20

165 314 242 352 hoc
263 313 338 351 tuis
359 312 535 359 fortunis,
560 312 749 363 Iuppiter,
772 320 971 362 praestant
994 326 1115 352 meae.

166 378 242 416 PH.
274 379 352 417 dan
382 377 534 416 sanium
551 379 567 416 ?
625 379 691 416 D1.
724 377 849 418 immo
877 380 941 417 uel
980 379 1132 417 decem.
1206 380 1279 417 ΡΗ.
1313 378 1374 417 em
1407 378 1505 417 istoc

1269 457 1417 495 pauper
1438 457 1478 483 es
1497 458 1505 482 :

162 509 251 559 plus
271 508 456 559 pollicere
477 507 598 559 quam
619 522 693 559 ego
719 506 723 560 Ι
749 522 819 559 aps
841 516 878 548 te
899 510 1068 559 postulo.

73 587 140 625 375
164 575 231 612 D1.
262 573 413 612 utinam
436 574 529 612 item
550 587 573 611 a
594 573 788 624 principio
810 573 863 612 rei
885 573 1113 624 repersisses
1135 587 1246 614 meae

162 646 204 677 ut
224 652 331 677 nunc
352 638 519 689 repercis
541 638 670 678 sauiis.
732 641 806 678 ΡΗ.
839 639 870 678 si
891 639 988 690 quid
1010 639 1081 678 tibi
1525 655 1565 687 25

138 724 143 728 -
161 703 375 755 compendi
396 705 523 743 facere
544 704 704 754 possim,
728 705 876 743 facturn
897 705 1041 755 edepol
1063 705 1194 744 uelim.

163 771 230 808 D1.
262 769 339 808 iam
361 771 466 808 lauta
487 771 560 809 es?
618 772 693 808 ΡΗ.
726 769 803 808 iam
832 771 899 820 pol
924 769 1020 808 mibi
1049 770 1212 821 quidem
1239 778 1358 822 atque
1379 771 1504 811 oculis

1392 837 1500 877 meis.

161 915 256 940 num
279 901 349 940 tibi
371 902 529 940 sordere
550 900 720 940 uideor?
779 902 844 939 D1.
878 915 958 940 non
979 903 1046 952 pol
1068 901 1164 940 mihi
1186 901 1348 953 quidem
1365 916 1376 951 5

72 974 143 1017 380
161 980 299 1005 uerum
320 974 534 1017 tempestas
555 968 771 1017 quondam,
795 967 891 1005 dum
912 966 1002 1014 uixi,
1026 966 1098 1005 fuit

160 1046 283 1083 quom
303 1032 404 1071 inter
424 1045 497 1071 nos
518 1032 778 1071 sordebamus
798 1034 894 1071 alter
915 1034 965 1072 de
985 1034 1119 1072 altero.
1522 1049 1566 1083 30

159 1100 230 1138 sed
251 1100 360 1150 quod
381 1113 454 1149 ego
475 1098 627 1138 facinus
648 1099 783 1138 audiui
804 1099 1024 1138 adueniens
1045 1107 1157 1138 tuom

159 1165 269 1215 quod
290 1172 331 1202 tu
353 1164 416 1202 hic
437 1178 501 1203 me
521 1172 685 1214 apsente
706 1164 801 1203 noui
822 1164 955 1215 negoti
975 1165 1173 1215 gesseris?

161 1232 236 1268 ΡΗ.
259 1229 356 1281 quid
376 1229 416 1269 id
437 1231 528 1269 est?
587 1231 652 1268 D1.
684 1229 970 1280 primumdum,
984 1244 1107 1281 quom
1124 1238 1165 1269 tu
1181 1244 1223 1270 es
1239 1238 1354 1271 aucta
1369 1231 1501 1272 liberis

72 1305 138 1350 385
160 1309 363 1347 quomque
382 1296 486 1334 bene
507 1295 721 1346 prouenisti
743 1298 864 1345 salua,
884 1298 1050 1347 gaudeo.

160 1363 236 1400 ΡΗ.
268 1360 476 1400 concedite
497 1360 590 1399 hinc
611 1348 683 1399 uos
704 1360 806 1400 intro
825 1369 945 1412 atque
966 1362 1116 1413 operite
1137 1362 1294 1402 ostium.
1519 1383 1559 1415 35

158 1435 200 1466 tu
221 1441 327 1466 nunc
348 1434 545 1477 superstes
567 1428 673 1466 solus
695 1427 867 1466 sermoni
889 1442 978 1467 meo
1001 1442 1052 1467 es.

157 1492 228 1532 tibi
249 1506 337 1532 mea
357 1492 522 1532 consilia
543 1506 698 1543 semper
718 1506 873 1532 summa
893 1493 1055 1533 credidi.

157 1559 344 1610 equidem
366 1573 497 1609 neque
517 1559 651 1610 peperi
673 1573 838 1610 puerum
860 1574 991 1610 neque
1012 1573 1201 1611 praegnas
1223 1560 1276 1599 fui
1293 1575 1302 1609 3

70 1639 140 1674 390
158 1639 295 1664 uerum
316 1624 553 1664 adsimulaui
576 1639 638 1664 me
659 1638 745 1664 esse
766 1633 1016 1675 praegnatem
1036 1641 1042 1664 :
1074 1627 1151 1664 hau
1169 1639 1281 1676 nego.

203 1740 262 1770 371
289 1730 364 1761 heia
383 1730 436 1761 D1.
458 1730 521 1760 hoc
537 1729 570 1760 A
587 1741 593 1760 ε
619 1730 660 1761 ad
679 1730 743 1761 hoc
761 1729 879 1769 P(1'.e.
900 1736 932 1760 at
947 1730 1025 1761 hoel
1102 1740 1155 1761 me
1173 1730 1219 1760 illi
1237 1730 1374 1771 Ρζῖρνο
1391 1732 1498 1770 melli)

159 1783 223 1813 373
249 1775 328 1805 dant
344 1774 397 1805 P:
434 1774 475 1804 da
492 1774 524 1804 A
545 1786 551 1805 :
586 1785 663 1806 corr.
686 1774 898 1805 Camerarius
1007 1774 1071 1815 [ut]
1094 1785 1147 1804 em
1167 1773 1201 1804 P
1300 1775 1353 1816 es]
1376 1785 1452 1806 esse
1469 1777 1503 1808 Ρ

161 1819 211 1858 (cf
223 1819 298 1855 280,
315 1818 389 1857 289,
403 1819 482 1857 378)
574 1828 637 1857 374
655 1829 688 1857 q.
700 1819 759 1849 abs
774 1823 807 1849 te
825 1828 931 1858 posco
944 1828 985 1848 au
1000 1819 1073 1859 (aut
1085 1818 1139 1847 A2
1151 1822 1187 1848 ut
1202 1817 1282 1849 vid.N
1304 1819 1439 1858 postulo
1449 1820 1497 1860 A,

160 1861 218 1892 sed
231 1862 290 1892 abs
308 1867 342 1892 te
360 1871 464 1901 posco
480 1862 537 1892 vix
552 1861 754 1893 Plautinum
833 1862 915 1902 fort.
936 1862 1012 1902 plus
1030 1862 1183 1901 polliceri
1204 1863 1299 1904 (wei)
1316 1873 1414 1902 quam
1433 1874 1497 1904 ego

162 1916 264 1945 posco
282 1906 347 1936 hau
365 1910 400 1935 te
418 1906 550 1945 postulo
565 1906 628 1945 (vel
638 1916 738 1946 quam
752 1911 785 1937 te
799 1916 906 1945 posco
919 1906 983 1936 hau
1003 1906 1152 1946 postulo)
1287 1916 1350 1946 375
1369 1907 1496 1939 utinam

161 1961 180 1980 a
198 1949 366 1990 principio
393 1950 441 1980 rei
468 1950 546 1980 item
573 1949 605 1980 Ρ
693 1950 832 1990 parsissi
859 1949 892 1979 Ρ
914 1952 991 1990 (pro
1019 1960 1072 1981 —es
1104 1962 1110 1980 :
1144 1950 1358 1990 pepercisses
1376 1951 1409 1981 A
1427 1952 1499 1992 (vix

162 1993 376 2024 Plautinmnl
534 2003 596 2033 377
623 1993 743 2025 factam
773 1993 806 2023 P
830 1996 862 2026 (a
890 1999 952 2034 pro
978 1994 1014 2028 u)
1158 1995 1222 2033 378
1247 1995 1311 2026 iam
1345 1995 1435 2026 lauta
1460 2006 1498 2027 es

162 2037 228 2068 ΡΗ.
256 2038 345 2068 lauta
402 2037 454 2068 Di.
484 2037 562 2068 mihi
586 2037 619 2067 A
648 2042 725 2078 (pro
753 2037 816 2068 PH.
844 2037 934 2068 lauta
961 2037 1051 2077 mihi,
1082 2038 1148 2068 m'si
1167 2037 1298 2077 qm'dcm
1325 2038 1379 2071 alt.
1408 2040 1496 2071 lauta

155 2081 321 2121 glossema
344 2081 403 2121 est]
424 2093 430 2112 ε
456 2081 520 2111 iarn
541 2081 701 2112 iauiaisse
722 2082 786 2112 iam
810 2081 864 2121 pol
888 2081 966 2111 mihi
989 2081 1020 2112 Ρ
1150 2092 1214 2121 379
1238 2082 1378 2113 sorbere
1394 2084 1427 2113 A
1451 2083 1497 2123 (B

155 2131 218 2166 pro
249 2125 294 2163 D)
453 2125 518 2164 380
542 2131 564 2157 t.
594 2125 729 2156 memini
755 2126 924 2165 quondam
953 2125 972 2156 f.
1003 2124 1037 2154 P
1062 2126 1139 2165 (pro
1166 2131 1188 2157 t.
1215 2137 1245 2165 q.
1270 2127 1348 2157 dum
1370 2137 1411 2158 m.
1437 2127 1495 2159 ΕΖΝ

161 2170 265 2199 uiuixi
285 2169 317 2198 A
338 2171 410 2209 (pro
424 2169 509 2208 uixi)
626 2171 686 2208 381
710 2170 926 2200 sordet-emus
946 2169 1031 2207 v‘sotss.
1052 2174 1127 2199 ›rc-te
1161 2170 1255 2200 alteri
1275 2169 1395 2210 Pvpro
1411 2171 1498 2202 alter

159 2213 275 2250 alteri)
439 2214 504 2252 382
527 2214 607 2252 quid
625 2213 658 2243 P
809 2214 873 2252 383
899 2214 951 2243 hic
975 2223 1026 2242 me
1053 2213 1193 2243 absente
1211 2213 1418 2244 Lambinus:
1444 2226 1497 2246 me

160 2257 214 2288 hic
232 2258 373 2287 absente
390 2256 440 2287 A:
465 2257 517 2287 hic
534 2257 676 2288 absente
695 2268 747 2288 me
763 2257 795 2287 Ρ
892 2257 1036 2295 negotiis
1052 2256 1085 2286 Ρ
1214 2259 1278 2296 384
1303 2269 1372 2289 om.
1389 2258 1423 2289 Ρ
1437 2260 1495 2295 (iii.

164 2301 218 2341 11)
352 2302 415 2340 385
441 2302 626 2340 preuenisti
656 2301 690 2332 P
712 2303 747 2340 (e
769 2307 832 2341 fro
861 2301 896 2340 ο)
987 2299 1140 2339 gratulor
1163 2300 1197 2330 A
1332 2304 1406 2341 386,
1432 2304 1495 2343 387

160 2355 227 2376 om.
244 2344 277 2375 P
437 2346 504 2383 386
535 2345 644 2384 operit
671 2344 737 2375 cod.
903 2344 966 2382 388
991 2354 1140 2375 summas
1168 2355 1306 2384 semper
1333 2348 1440 2378 crebri
1468 2348 1500 2378 Ρ

160 2390 226 2428 389
254 2398 416 2429 pregnam
446 2388 479 2418 Ρ
627 2399 692 2428 390
716 2388 937 2420 adsimulasse
953 2387 986 2419 A
1089 2388 1174 2419 meis
1192 2399 1229 2419 se
1247 2389 1279 2419 P
1384 2402 1448 2430 ego
1466 2391 1500 2422 Ρ

160 2432 261 2472 defin}
275 2433 307 2463 A
