1747 2740
166 145 228 183 IV.
257 144 304 181 111
644 143 691 180 T.
725 141 907 181 MACCI
939 141 1146 179 PLAVTI

194 258 240 295 iii
584 255 889 292 DORDALvs
998 253 1249 291 Tolevs

261 321 337 358 Do.
371 321 479 370 Quoi
498 319 650 358 homini
672 318 711 357 di
734 317 891 368 propitii
913 324 1017 365 sunt,
1037 317 1187 367 aliquid
1208 316 1387 356 obiciunt
1407 315 1503 356 lucri
1520 331 1532 366 ;
1609 327 1678 362 470

255 399 347 424 narn
367 399 441 436 ego
462 384 582 423 hodie
602 383 815 434 compendi
837 382 911 421 feci
933 382 1048 421 binos
1068 382 1180 433 panis
1201 382 1240 421 in
1261 382 1357 421 dies.

254 451 308 490 ita
325 450 468 490 ancilla
488 464 577 488 mea
596 463 698 500 quae
719 448 790 487 fuit
811 448 943 495 hodie,
961 461 1032 486 sua
1052 461 1158 486 nunc
1174 456 1232 486 est
1251 463 1258 486 ε
1288 455 1450 498 argento
1470 447 1591 496 uicit3

254 515 332 554 iam
352 515 473 555 hodie
487 515 661 553 alienum
682 513 851 561 cenabit,
875 513 972 551 nihil
992 512 1164 563 gustabit
1184 513 1235 551 de
1256 525 1357 551 meo.

213 594 231 626 5
253 595 394 620 sumne
410 581 567 632 probus,
585 593 672 618 sum
686 580 841 630 lepidus
855 579 964 626 ciuis,
980 579 1047 629 qui
1062 578 1236 617 Atticam
1253 577 1374 617 hodie
1387 577 1589 617 ciuitatem

254 659 478 684 maxumam
500 645 689 684 maiorem
711 644 785 683 feci
806 652 926 694 atque
946 643 1035 682 auxi
1056 643 1133 681 ciui
1155 643 1333 682 femina?
1608 658 1674 694 475

253 713 324 751 sed
345 718 388 750 ut
408 724 481 762 ego
501 711 622 749 hodie
643 709 697 748 fui
718 709 925 760 benignus,
948 716 991 747 ut
1011 722 1084 759 ego
1106 708 1238 747 multis
1259 707 1409 748 credidi
1429 711 1436 747 1

255 790 329 816 nec
350 776 442 816 satis
463 790 486 815 a
506 776 696 827 quiquam
724 775 887 814 homine
911 774 1071 825 accepi:
1112 774 1165 813 ita
1192 787 1352 825 prosum
1378 774 1590 813 credebam

1380 839 1566 878 omnibus
1581 855 1592 888 ;

255 921 330 946 nec
371 915 515 956 metuo,
553 907 688 958 quibu'
723 906 872 946 credidi
913 905 1045 953 hodie,
1081 919 1132 944 ne
1175 905 1262 956 quis
1294 905 1389 944 mihi
1430 905 1470 944 in
1508 905 1591 945 iure

1358 970 1589 1010 abiurassit:

198 1054 234 1076 10
255 1039 376 1077 bonu’
399 1040 492 1078 uolo
513 1038 590 1076 iam
612 1052 659 1077 ex
680 1039 757 1076 hoc
777 1037 841 1076 die
863 1038 1115 1087 esse-quod
1131 1050 1261 1087 neque
1277 1037 1344 1075 fiet
1360 1050 1490 1087 neque
1505 1036 1588 1074 fuit.

254 1107 330 1143 To.
362 1106 468 1142 hunc
489 1103 694 1143 hominem
711 1117 784 1154 ego
801 1103 921 1142 hodie
942 1103 982 1141 in
1003 1110 1228 1141 trasennam
1244 1101 1372 1141 doctis
1393 1103 1589 1141 deducam
1609 1109 1679 1152 480

1476 1166 1589 1214 dolis,

257 1235 389 1285 itaque
410 1234 503 1272 huic
523 1233 690 1272 insidiae
710 1241 868 1284 paratae
888 1241 980 1271 sunt
999 1232 1133 1283 probe.
1192 1231 1398 1282 adgrediar
1418 1231 1558 1270 uirum.

258 1301 355 1352 quid
375 1300 486 1350 agis?
545 1301 621 1338 Do.
649 1300 778 1338 credo.
838 1301 913 1337 To.
942 1300 1050 1337 unde
1069 1298 1151 1349 agis
1172 1305 1220 1345 te,
1247 1298 1453 1337 Dordale?
1511 1299 1587 1336 Do.

1366 1364 1485 1402 credo
1505 1363 1589 1402 tibi.

257 1431 297 1471 di
324 1432 420 1471 dent
441 1444 542 1482 quae
567 1430 675 1469 uelis.
744 1432 818 1469 To.
851 1431 939 1477 eho,
962 1442 1013 1467 an
1033 1428 1111 1467 iam
1132 1442 1252 1467 manu
1273 1428 1436 1468 emisisti
1457 1428 1591 1468 mulie-

1481 1508 1562 1534 rem
1576 1496 1593 1533 ?

200 1575 236 1608 15
262 1565 338 1602 Do.
371 1565 490 1602 credo
524 1563 678 1612 edepol,
715 1562 845 1609 credo,
882 1561 1055 1612 inquam,
1090 1560 1172 1599 tibi.
1231 1562 1305 1599 To.
1338 1559 1416 1599 iam
1455 1560 1590 1601 liberta

1100 1627 1279 1665 auctu's?
1337 1628 1414 1664 Do.
1446 1626 1588 1665 enicas.

312 1693 407 1744 quin
447 1692 518 1731 tibi
557 1706 621 1730 me
660 1692 751 1730 dico
789 1691 959 1730 credere'.
1023 1692 1097 1729 To.
1131 1691 1195 1730 dic
1229 1692 1335 1730 bona
1367 1692 1468 1730 fide:
1513 1691 1589 1730 iam
1609 1699 1721 1745 485-6

1030 1756 1220 1794 liberast?
1277 1758 1357 1797 Do.
1387 1755 1472 1808 <pol
1492 1756 1587 1807 aio.)

257 1825 268 1862 ι’
297 1825 348 1862 ad
378 1825 506 1862 forum
536 1823 588 1861 ad
617 1829 848 1873 praetorem,
880 1821 1051 1871 exquire,
1083 1820 1280 1871 siquidem
1305 1821 1465 1859 credere
1495 1817 1591 1858 mihi

1416 1898 1497 1923 non
1518 1885 1588 1923 uis.

256 1955 389 2002 libera,
412 1954 636 2004 inquamst:
666 1951 810 2002 ecquid
825 1951 968 1990 audis?
1014 1952 1088 1989 To.
1111 1958 1150 1989 at
1171 1949 1242 1988 tibi
1263 1949 1303 1989 di
1323 1950 1427 1989 bene
1448 1950 1590 1988 faciant

1428 2030 1567 2055 omnes
1585 2020 1591 2054 !

259 2100 477 2138 numquam
506 2085 611 2124 enim
642 2086 808 2136 posthac
840 2083 910 2123 tibi
945 2096 1018 2122 nec
1048 2091 1206 2121 tuorum
1240 2082 1456 2133 quoiquam
1484 2083 1592 2132 quod

1327 2147 1427 2186 nolis
1447 2149 1590 2186 uolam.

202 2225 242 2248 20
532 2207 609 2244 Do.
641 2204 717 2252 abi,
740 2217 790 2243 ne
810 2203 903 2251 iura,
925 2203 1008 2241 sati'
1029 2203 1159 2242 credo.
1609 2215 1680 2250 490

303 2321 364 2350 471
391 2310 513 2340 binons
525 2309 557 2340 P
620 2319 685 2348 479
708 2307 866 2339 acceditA
958 2308 1022 2344 480
1039 2306 1155 2337 ducam
1170 2306 1200 2337 Ρ
1302 2306 1365 2345 483
1384 2305 1547 2344 mullirem
1562 2305 1591 2335 A

259 2355 334 2394 485,
363 2355 427 2392 486
450 2378 457 2384 .
488 2353 552 2392 olet
577 2377 584 2384 .
612 2377 619 2383 .
640 2352 672 2382 A
701 2352 771 2392 (pol
802 2352 854 2382 aio
886 2349 936 2381 vcl
966 2350 1100 2380 dolctnc
1127 2350 1175 2380 vel
1206 2349 1270 2380 Do.
1309 2349 1429 2380 olim':
1471 2360 1538 2380 om.
1562 2349 1595 2380 P

260 2400 321 2438 487
340 2398 360 2427 ii
378 2398 410 2427 P
424 2397 488 2437 (vel
498 2402 560 2437 pro
577 2397 618 2435 ei,
637 2397 656 2427 i.
676 2407 699 2426 c.
721 2396 740 2430 i„
762 2396 811 2426 vel
820 2401 883 2435 pro
900 2394 918 2428 1,
939 2394 962 2431 i>
1110 2404 1128 2423 e
1153 2398 1310 2433 praetore
1327 2393 1359 2422 A
1511 2393 1591 2423 mihi

260 2441 444 2473 credereA
537 2441 602 2480 489
624 2440 803 2479 quoiquam
822 2437 1009 2468 Lambinus
1024 2449 1030 2467 t
1057 2438 1214 2477 quiquam
1232 2437 1265 2467 A
1282 2448 1288 2466 ι
1314 2447 1379 2467 om.
1395 2435 1427 2466 P
1512 2437 1588 2477 489,

261 2496 325 2526 490
348 2485 515 2525 coniungit
530 2485 562 2514 A
