1747 2740
165 128 213 165 V.
236 127 265 164 ii
647 126 694 163 T.
730 125 911 165 MACCI
944 125 1148 163 PLAVTI

177 248 214 280 15
235 236 342 275 nimi'
363 236 641 288 pergraphicus
658 236 903 286 sycophanta
918 250 927 282 3
954 234 985 272 is
1002 234 1108 273 mille
1124 247 1332 273 nummum
1349 247 1391 273 se
1406 246 1568 272 aureum

236 316 326 341 meo
346 303 441 341 datu
463 301 531 340 tibi
555 303 652 340 ferre
673 309 711 340 et
731 308 851 352 gnato
874 299 1100 339 Lesbonico
1119 300 1226 338 aibat
1247 313 1362 347 meo3
1595 313 1685 347 1140

235 381 354 418 quem
390 381 463 418 ego
493 381 566 406 nec
596 366 663 417 qui
694 374 796 405 esset
827 379 964 404 noram
996 379 1126 416 neque
1160 379 1250 404 eum
1281 373 1372 403 ante
1402 377 1569 415 usquam

1243 429 1430 480 conspexi
1452 428 1569 480 prius.

235 498 305 536 sed
326 497 422 548 quid
449 497 581 537 rides?
638 499 711 538 CA.
745 511 835 536 meo
856 498 1039 547 adlegatu
1061 495 1184 544 uenit,
1204 494 1316 546 quasi
1344 494 1411 545 qui
1432 508 1571 533 aurum

1476 559 1572 598 mihi

236 631 350 668 ferret
370 642 440 680 aps
461 636 498 668 te
519 629 629 679 quod
650 629 784 668 darem
807 635 897 666 tuae
917 627 1059 677 gnatae
1079 627 1228 674 dotem,
1251 634 1294 665 ut
1314 625 1416 664 filius

178 712 217 734 20
236 696 329 743 tuo',
343 696 505 745 quando
526 694 580 732 illi
601 709 624 733 a
645 708 708 733 me
729 695 876 740 darem,
893 707 979 732 esse
999 694 1163 731 allatum
1184 691 1225 731 id
1246 705 1315 742 aps
1336 698 1375 730 te
1395 691 1572 730 crederet

237 774 314 799 neu
335 760 402 811 qui
423 774 505 799 rem
527 760 651 811 ipsam
673 768 806 811 posset
828 759 1065 810 intellegere,
1091 756 1163 811 [et]
1185 759 1440 796 thensaurum
1461 763 1572 794 tuom
1598 767 1683 803 1145

237 840 301 865 1116
321 839 406 865 esse
426 840 559 877 penes,
576 834 694 877 atque
715 840 805 865 eum
830 823 885 878 [a]
908 839 971 864 me
992 826 1076 876 lege
1093 822 1230 875 populi
1250 822 1419 874 patrium
1440 835 1575 873 posce-

1504 894 1572 926 ret.

236 959 315 998 CH.
347 957 443 996 scite
470 959 637 1008 edepol!
697 959 769 998 CA.
804 956 1085 1008 Megaronides
1106 954 1331 995 communis
1358 955 1435 992 hoe
1462 966 1575 992 meus

1427 1028 1465 1059 et
1486 1027 1575 1059 tuos

237 1089 482 1128 beneuolens
504 1097 780 1129 commentust.
843 1090 920 1129 CH.
955 1087 1051 1139 quin
1079 1088 1279 1127 conlaudo
1306 1085 1515 1126 consilium
1536 1093 1575 1124 et

1435 1151 1572 1202 probo,

177 1232 217 1264 25
239 1222 309 1259 Lv.
342 1220 438 1271 quid
459 1235 532 1272 ego
553 1219 720 1272 ineptus,
739 1222 835 1260 dum
857 1233 1081 1259 sermonem
1102 1232 1241 1258 uereor
1260 1217 1554 1268 interrumpere,

238 1287 344 1324 solus
366 1294 426 1325 sto
446 1300 520 1325 nec
541 1288 651 1337 quod
672 1295 838 1326 conatus
863 1300 950 1325 sum
971 1299 1086 1336 agere
1106 1286 1210 1336 ago?
1240 1283 1423 1324 homines
1444 1284 1576 1322 conlo·
1598 1294 1688 1330 1150

1465 1361 1574 1399 quar.

237 1418 316 1458 CH.
349 1416 436 1467 quis
457 1416 520 1456 hic
542 1424 601 1456 est
621 1417 688 1468 qui
710 1418 788 1456 huc
812 1418 863 1456 ad
884 1430 956 1456 nos
980 1414 1157 1455 incedit?
1215 1416 1284 1453 Lv.
1318 1412 1573 1454 Charmidem

1259 1493 1439 1519 socerum
1461 1493 1574 1518 suom

239 1548 429 1599 Lysiteles
450 1550 602 1588 salutat.
664 1550 741 1588 CH.
775 1549 814 1588 di
837 1549 932 1587 dent
954 1547 1040 1595 tibi,
1062 1546 1264 1598 Lysiteles,
1288 1559 1390 1596 quae
1410 1545 1518 1584 uelis.

239 1615 313 1655 CA.
335 1628 416 1654 non
433 1628 506 1665 ego
522 1628 608 1653 sum
626 1614 760 1653 salutis
777 1614 949 1665 dignus?
1000 1615 1069 1651 Lv.
1093 1612 1217 1651 immo
1233 1613 1352 1659 salue,
1369 1610 1551 1651 Callicles
1567 1626 1577 1659 3

178 1695 220 1727 30
239 1681 345 1718 hunc
367 1680 534 1730 priorem
556 1688 765 1731 aequomst
786 1695 849 1719 me
870 1681 1039 1719 habere:
1070 1678 1204 1717 tunica
1228 1677 1387 1729 propior
1406 1677 1574 1728 palliost.

239 1748 311 1785 CA.
344 1747 441 1785 deos
462 1748 556 1785 uolo
577 1747 741 1786 consilia
763 1754 895 1785 uostra
914 1743 1065 1797 (uobis)
1085 1752 1189 1783 reete
1210 1752 1374 1782 uortere.
1598 1754 1685 1792 1155

239 1812 318 1852 CH.
350 1812 471 1850 filiam
494 1814 621 1852 mezim
644 1812 714 1851 tibi
737 1812 1018 1863 desponsatam
1040 1824 1124 1849 esse
1145 1810 1278 1849 audio.
1336 1811 1406 1848 Lv.
1439 1808 1512 1848 nisi
1534 1817 1576 1848 tu

1450 1874 1573 1914 neuis.

240 1943 317 1983 CH.
351 1942 474 1982 immo
495 1944 572 1982 hau
595 1945 699 1983 nolo.
762 1945 831 1981 Lv.
859 1943 1041 1993 sponden
1063 1955 1155 1991 ergo
1176 1949 1283 1980 tuam
1304 1948 1463 1991 gnatam
1484 1954 1576 1979 uxo-

1346 2019 1427 2045 rem
1451 2005 1576 2044 mihi?

241 2076 321 2116 CH.
351 2076 532 2125 spondeo
554 2082 591 2114 et
614 2074 720 2113 mille
740 2074 821 2113 auri
847 2073 1072 2124 Philippum
1095 2071 1210 2111 dotis.
1263 2073 1332 2110 Lv.
1365 2072 1499 2110 dotem
1522 2070 1575 2108 nil

1434 2150 1574 2175 moror.

289 2247 369 2276 1139
393 2247 510 2267 aurum
527 2236 594 2269 cod.
613 2248 619 2267 z
644 2247 721 2267 corr.
745 2236 956 2266 (mummius
1050 2243 1124 2272 1141
1156 2233 1255 2272 nequi
1275 2243 1321 2263 es.
1334 2231 1398 2263 cod.
1496 2240 1577 2270 1145

242 2282 317 2320 quis
334 2280 400 2312 cod.
452 2286 485 2311 et
503 2280 562 2311 del.
584 2279 687 2310 Bothe
775 2281 854 2318 1146
870 2290 888 2309 a
906 2278 964 2308 dcl.
984 2277 1122 2308 Mueller
1193 2286 1274 2315 1152
1302 2277 1446 2316 Lysteus
1462 2285 1486 2305 si
1507 2275 1573 2306 cod.

241 2330 316 2364 (pro
334 2325 427 2363 -elis)
551 2334 631 2363 1153
656 2325 777 2363 dignus
800 2323 919 2354 salutis
951 2320 1082 2351 Nonius
1112 2331 1173 2360 497
1208 2325 1326 2360 (⁸gen.
1362 2330 1424 2359 pro
1460 2319 1575 2350 ablfi:

240 2369 349 2399 salute
363 2369 488 2407 dignus
506 2367 571 2398 cod.
671 2378 752 2407 1155
777 2367 874 2398 uobis
893 2365 970 2398 add.
991 2364 1167 2395 Hermann
1263 2365 1346 2403 1156
1370 2363 1574 2402 desponsam

240 2412 273 2442 Β
295 2413 391 2452 (fort,
415 2416 509 2449 ,πίω
538 2412 574 2452 ss,
593 2411 640 2443 ad
653 2412 724 2443 Mil.
748 2412 846 2453 1007)
991 2414 1027 2439 tu
1044 2409 1142 2439 neuis
1157 2407 1290 2439 Nonius
1310 2417 1369 2446 144
1388 2418 1394 2437 :
1421 2417 1488 2438 om.
1508 2405 1574 2438 cod.

244 2458 328 2495 1158
351 2466 463 2487 morer
479 2456 511 2487 Β
