1747 2740
183 130 299 168 III.i
701 131 747 168 T.
781 130 962 168 MACCI
994 130 1199 168 PLAVTI

281 240 313 278 si
333 242 411 280 hoc
431 255 512 279 non
533 241 673 288 credis,
696 254 770 291 ego
791 240 1126 280 credidero—CA.
1149 240 1277 291 quid?
1325 243 1387 281 ST.
1421 256 1484 281 me
1504 242 1615 281 nihili

1429 310 1614 359 pendere.

281 375 354 413 CA.
388 387 508 424 quam
543 374 696 412 dudum
732 373 832 411 istuc
863 381 931 411 aut
965 372 1031 411 ubi
1064 375 1267 412 actumst?
1334 375 1396 412 ST.
1430 373 1521 413 ilico
1553 374 1617 413 hic

1345 447 1437 477 ante
1457 439 1614 487 ostium,

282 507 388 543 ‘tam
410 505 558 551 modo‚'
578 503 706 554 inquit
728 504 1016 542 Praenestinus.
1078 505 1152 543 CA.
1183 511 1323 542 tanton
1343 504 1382 542 in
1404 518 1444 543 re
1463 504 1617 554 perdita

279 583 399 620 quarn
421 570 461 607 in
483 583 522 608 re
544 571 652 607 salua
674 568 922 607 Lesbonicus
943 570 1068 607 factus
1090 577 1148 608 est
1169 569 1382 619 frugalior?
1635 576 1705 611 610

220 651 258 673 10
279 636 342 673 ST.
373 642 493 684 atque
515 632 742 687 [e]quidem
763 633 871 683 ipsus
892 635 994 671 ultro
1014 634 1124 672 uenit
1146 634 1277 672 Philto
1297 643 1450 673 oratum
1472 635 1563 673 filio.

279 701 351 740 CA.
384 699 575 750 flagitium
597 699 760 749 quidem
782 699 913 737 hercle
934 700 1011 746 fiet,
1036 698 1110 737 nisi
1132 700 1205 738 dos
1225 700 1383 738 dabitur
1402 700 1554 750 uirgini.

277 774 479 819 postremo
500 767 644 817 edepol
665 779 738 817 ego
759 766 874 804 istam
894 779 977 804 rem
998 767 1049 804 ad
1070 779 1134 804 me
1153 765 1318 805 attinere
1338 766 1535 817 intellego.

278 833 346 872 ibo
365 834 416 872 ad
438 846 571 871 meum
593 831 868 882 castigatorem
889 840 1009 881 atque
1029 832 1080 870 ab
1101 845 1150 870 eo
1170 831 1380 870 consilium
1400 840 1604 882 petam.—

278 900 342 938 ST.
374 899 667 950 propemodum
689 897 786 948 quid
806 897 885 935 illic
906 897 1063 936 festinet
1085 897 1212 936 sentio
1233 905 1271 936 et
1292 898 1448 936 subolet
1469 898 1564 936 mihi
1584 914 1591 937 :
1634 901 1701 946 615

219 981 256 1013 15
277 971 321 1003 ut
340 977 432 1014 agro
453 970 607 1002 euortat
628 962 911 1010 Lesbonicum,
936 964 1099 1013 quando
1120 962 1263 1001 euortit
1282 962 1459 1001 aedibus.

278 1031 303 1069 6
322 1043 386 1069 ere
408 1027 688 1081 Charmide<s>‚
712 1041 834 1078 quom
855 1027 1010 1078 apsenti
1031 1027 1095 1066 hic
1115 1035 1183 1066 tua
1203 1041 1263 1066 res
1283 1028 1511 1066 distrahitur
1530 1028 1614 1076 tibi,

277 1095 429 1134 utinam
449 1102 489 1133 te
509 1094 672 1133 rediisse
692 1095 847 1132 saluom
868 1093 1039 1140 uideam,
1062 1100 1104 1131 ut
1125 1092 1306 1132 inimicos
1327 1101 1416 1132 tuos

279 1161 478 1207 ulciscare,
502 1168 544 1199 ut
565 1160 673 1207 mihi,
698 1167 740 1198 ut
761 1173 851 1210 erga
871 1167 911 1198 te
930 1160 985 1198 fui
1007 1167 1045 1198 et
1066 1173 1164 1206 sum,
1189 1161 1330 1199 referas
1351 1160 1512 1211 gratiam
1534 1164 1541 1200 !

278 1226 446 1265 nimium
467 1225 662 1265 difficilest
682 1225 841 1275 reperiri
861 1225 1035 1263 amicum
1052 1225 1105 1263 ita
1125 1233 1167 1263 ut
1188 1239 1336 1264 nomen
1356 1228 1471 1274 cluet,
1633 1232 1704 1266 620
1733 1221 1738 1226 ’

218 1306 261 1329 20
280 1291 375 1343 quoi
395 1299 504 1330 tuam
526 1305 648 1342 quom
670 1304 753 1330 rem
775 1290 998 1339 credideris,
1023 1290 1108 1330 sine
1129 1291 1238 1329 omni
1260 1305 1353 1330 cura
1372 1292 1557 1331 dormias.

279 1413 349 1451 sed
368 1425 558 1462 generum
578 1418 757 1450 nostrum
778 1410 834 1449 ire
855 1410 1038 1450 eccillum
1059 1411 1179 1450 uideo
1199 1425 1291 1450 cum
1311 1411 1435 1451 adfini
1456 1425 1538 1451 suo.

278 1477 512 1527 nescioquid
534 1490 614 1515 non
636 1476 728 1514 satis
748 1476 850 1514 inter
869 1490 938 1515 eos
959 1476 1171 1515 conuenit:
1201 1477 1317 1516 celeri
1337 1479 1461 1528 gradu

279 1551 373 1582 eunt
394 1551 570 1592 uterque,
593 1542 658 1581 ille
678 1542 932 1592 reprehendit
952 1543 1060 1580 hunc
1081 1542 1250 1592 priorem
1270 1543 1400 1593 pallio.

279 1610 386 1647 haud
407 1608 664 1647 ineuscheme
683 1607 900 1646 astiterunt.
960 1608 1038 1646 huc
1059 1607 1305 1658 aliquantum
1325 1621 1577 1658 apscessero:
1633 1614 1699 1659 625

220 1689 258 1721 ²5
279 1682 338 1714 est
358 1674 496 1713 lubido
517 1673 737 1712 orationem
758 1673 894 1712 audire
915 1674 1084 1712 duorum
1105 1673 1309 1712 adfinium.

228 1788 257 1824 ii
358 1787 672 1824 LYSITELES
785 1787 1142 1824 LESBONlcvs
1254 1787 1532 1825 STAsmivs

280 1869 350 1905 ΙΝ.
383 1868 450 1905 Sta
470 1866 572 1914 ilico,
595 1865 678 1905 noli
698 1866 871 1905 auorsari
893 1880 1023 1917 neque
1043 1875 1082 1906 te
1102 1867 1333 1907 occultassis
1354 1868 1461 1906 mihi.

278 1934 348 1971 LE.
381 1932 493 1983 potin
523 1940 566 1971 ut
595 1946 658 1971 me
688 1932 743 1971 ire
772 1946 852 1983 quo
882 1934 1081 1983 profectus
1108 1947 1195 1972 sum
1226 1933 1361 1972 sinas?
1418 1935 1487 1972 Lx.
1521 1934 1551 1972 si
1571 1934 1611 1972 in

1388 2013 1469 2038 rem
1490 2008 1614 2048 tuam,

277 2063 513 2111 Lesbonice‚
533 2077 620 2102 esse
640 2063 830 2111 uideatur,
854 2064 999 2114 gloriae
1019 2073 1086 2103 aut
1107 2066 1245 2111 famae,
1269 2065 1405 2103 sinam.

319 2169 382 2207 607
401 2168 484 2198 nihil
496 2168 561 2199 cod.
699 2171 763 2208 613
782 2169 831 2200 vel
841 2170 917 2199 med
1050 2172 1113 2208 617
1131 2180 1230 2209 quam
1251 2170 1465 2201 Camerarius
1552 2181 1610 2211 ap-

275 2217 375 2242 sente
395 2211 460 2252 [te]
480 2211 561 2246 cod„
581 2214 638 2242 vix
653 2217 728 2243 recle
823 2214 888 2244 618
911 2213 1017 2244 salum
1035 2213 1101 2244 cod.
1123 2216 1218 2253 (corr.
1231 2213 1280 2243 Du
1380 2216 1444 2253 619
1468 2214 1612 2246 ulciscar

275 2255 340 2287 cod.
356 2267 363 2286 ε
379 2266 459 2286 corr.
474 2256 686 2287 Camerarius
773 2262 807 2287 et
824 2257 902 2287 mihi
921 2257 1047 2288 Rt'lscltl
1148 2259 1214 2288 620
1237 2258 1380 2288 amicum
1393 2257 1486 2288 Ital.:
1502 2259 1610 2288 inimi-

276 2309 351 2329 cum
369 2299 436 2330 cod.
547 2302 608 2330 621
636 2301 786 2332 crederis
803 2300 866 2331 cod.
885 2312 892 2331 z
909 2312 987 2333 corr.
1005 2301 1077 2332 Ital.
1193 2303 1258 2341 623
1283 2302 1408 2341 gradus
1421 2303 1484 2332 cod.
1504 2313 1511 2331 z
1527 2313 1606 2334 corr.

276 2342 349 2374 Ital.
454 2345 517 2382 625
542 2344 575 2374 in
593 2355 694 2375 eusce
713 2344 819 2387 me[al¹
834 2350 893 2375 ast.
912 2345 993 2375 cod.:
1017 2356 1096 2376 corr.
1114 2345 1326 2376 Camerarius
1427 2356 1610 2385 apsessero

276 2387 341 2418 cod.
433 2388 497 2418 628
521 2398 588 2431 quo
606 2388 625 2418 l
626 2388 678 2418 tal.
700 2399 707 2418 t
723 2389 813 2431 quod
826 2388 889 2419 cod.
913 2390 983 2428 §vix
999 2390 1098 2430 quod.
1109 2390 1306 2431 perantiqua
1322 2389 1605 2430 adverbiisortnw
