1747 2740
185 156 239 198 II.
262 166 292 197 v
688 157 734 198 T.
770 160 951 199 MACCI
984 159 1189 198 PLAVTI

264 271 374 318 ubi's‚
398 270 636 321 Astaphium
653 272 671 309 ?
699 272 756 309 fer
776 271 855 309 huc
874 270 1091 309 uerbenam
1113 269 1167 308 mi
1194 269 1299 309 intus
1318 278 1358 310 et
1377 269 1547 310 bellaria.
1624 275 1693 318 480

264 338 357 376 date
370 350 515 386 aquam
529 336 724 375 manibus.
757 349 865 374 nunc
880 343 1035 374 ecastor
1047 339 1140 376 'tum
1153 335 1332 377 ueniret†
1345 335 1458 374 miles
1471 335 1603 375 uelim.

201 450 720 489 viSTRATOPHANES
802 451 1186 488 PHRONESIVM
1267 451 1605 489 ASTAPHIVM

264 534 412 572 STRAT.
446 534 509 571 Ne
530 531 775 583 exspectetis,
799 540 1053 583 spectatoreS,
1076 545 1185 571 meas
1204 545 1358 583 pugnas
1377 534 1474 572 dum
1501 547 1607 584 prae-

1450 598 1581 638 dicem
1598 616 1606 639 :

262 664 446 702 manibus
467 665 599 703 duella
620 663 847 714 praedicare
868 665 989 710 soleo,
1013 665 1121 703 haud
1142 663 1183 702 in
1204 663 1463 703 sermonibus.

262 729 344 769 scio
365 743 439 780 ego
460 731 606 768 multos
627 729 911 768 memorauisse
932 728 1076 768 milites
1097 729 1353 768 mendacium
1372 744 1380 768 :

262 803 300 834 et
323 794 602 834 Homeronida
622 802 660 833 et
681 796 838 845 postilla
858 795 965 833 mille
986 794 1196 834 memorari
1216 802 1357 845 potest,
1624 801 1690 847 485
1745 807 1747 836 1

223 875 241 907 5
262 861 330 911 qui
352 868 389 900 et
410 860 584 899 conuicti
605 868 644 899 et
664 860 921 900 condemnati
942 860 1048 899 falsis
1068 861 1119 899 de
1140 859 1281 911 pugnis
1302 859 1414 899 sient.

263 925 361 980 [non
396 927 638 965 laudandust
677 925 773 976 quoi
806 927 895 977 plus
930 925 1055 965 credit
1094 925 1163 977 qui
1200 923 1359 978 audi(i)t
1386 939 1506 976 quam
1537 926 1606 977 qui

1477 990 1606 1046 uidet]

260 1073 341 1099 non
371 1061 500 1111 placet
531 1073 652 1110 quem
686 1058 741 1097 illi
771 1060 859 1110 plus
894 1060 1058 1098 laudant
1089 1058 1158 1110 qui
1189 1058 1357 1098 audiunt
1386 1072 1507 1110 quam
1536 1058 1604 1110 qui

1451 1123 1601 1164 uident.

258 1191 378 1243 pluris
400 1199 457 1230 est
479 1192 658 1230 oculatus
679 1189 788 1229 testis
810 1204 912 1229 unus
933 1203 1053 1240 quam
1075 1189 1189 1229 auriti
1210 1191 1376 1239 decem;

258 1257 326 1308 qui
346 1257 513 1296 audiunt
533 1256 669 1295 audita
689 1256 839 1303 dicunt,
857 1255 925 1306 qui
946 1256 1085 1295 uident
1105 1257 1222 1306 plane
1243 1255 1383 1294 sciunt.
1621 1270 1693 1305 490
1737 1303 1739 1307 ι

201 1339 241 1361 10
259 1337 340 1362 non
361 1324 490 1373 placet
511 1335 630 1372 quem
652 1335 807 1360 scurrae
827 1323 1003 1369 laudant,
1027 1321 1290 1371 manipulares
1311 1320 1531 1368 mussitant,

259 1402 390 1439 neque
410 1388 465 1426 illi
482 1401 651 1438 quorum
672 1387 806 1438 lingua
825 1387 1046 1437 gladiorum
1067 1386 1193 1425 aciem
1215 1386 1463 1438 praestringit
1479 1385 1599 1426 domi.

258 1453 406 1493 strenui
428 1453 551 1491 nimio
572 1454 660 1503 plus
681 1460 846 1502 prosunt
866 1454 1017 1503 populo
1038 1465 1157 1502 quarn
1179 1460 1315 1502 argute
1335 1451 1412 1491 cati
1432 1468 1439 1492 :

257 1519 370 1558 facile
392 1518 466 1557 sibi
487 1518 770 1557 facunditatem
793 1517 916 1556 uirtus
936 1525 1112 1567 argutam
1134 1517 1297 1564 inuenit,

257 1584 342 1624 sine
363 1584 496 1623 uirtuti
517 1591 698 1634 argutum
720 1583 849 1622 ciuem
871 1583 968 1621 mihi
989 1583 1158 1621 habeam
1179 1596 1251 1633 pro
1271 1584 1451 1634 praefica,
1619 1593 1686 1630 495

200 1667 237 1699 15
258 1665 360 1702 quae
380 1651 477 1689 alios
499 1651 724 1696 conlaudat,
748 1663 866 1700 eapse
887 1646 973 1688 seSe
993 1663 1088 1688 uero
1110 1662 1191 1688 non
1212 1658 1352 1700 potest.

301 1757 365 1794 480
389 1756 443 1785 ubi
461 1755 618 1794 saphilim
637 1754 701 1786 cod.
726 1766 731 1785 :
758 1766 838 1785 corr.
856 1754 944 1792 Ima,
966 1755 1093 1786 Parcus
1183 1757 1226 1786 mi
1244 1757 1334 1787 intus
1347 1756 1388 1791 <33
1407 1756 1600 1786 Buecheler:

256 1800 337 1830 mihi
355 1805 408 1829 tus
425 1799 492 1830 cod.
637 1799 697 1838 481
728 1800 805 1829 data
822 1809 921 1838 quam
939 1799 1004 1830 cod,
1099 1800 1260 1831 adueniat
1284 1800 1442 1831 Mueller:
1466 1800 1600 1831 uenerit

259 1843 494 1874 Camerarius:
522 1848 558 1873 ut
580 1843 693 1873 ueniat
715 1842 851 1873 Gnietus
981 1844 1045 1881 482
1071 1843 1148 1874 dum
1177 1854 1311 1884 pugnas
1334 1844 1448 1882 Bothe,
1466 1844 1602 1883 favente

256 1887 480 1918 allt'lleratione
633 1888 696 1926 483
722 1887 835 1917 duella
858 1885 1065 1918 Gronovius:
1090 1888 1211 1919 duellis
1228 1888 1294 1919 cod.
1386 1888 1598 1928 predicarem

257 1931 321 1962 cod.
448 1932 510 1970 484
536 1933 812 1962 memorauissem
832 1930 899 1962 cod.
1024 1932 1088 1971 485
1113 1932 1370 1963 homeronidam
1397 1931 1490 1962 cod.:
1515 1941 1594 1962 corr.

258 1974 324 2005 Leo
411 1980 488 2014 post
513 1975 601 2005 illam
629 1975 675 2005 illi
700 1975 790 2006 cod.:
820 1985 897 2006 corr.
925 1973 1124 2015 Sarmentus,
1146 1976 1359 2007 Camerarius
1447 1975 1496 2006 vel
1516 1980 1597 2015 pote

258 2019 322 2056 486
347 2019 468 2057 pugnis
487 2018 722 2050 Camerarius:
748 2029 881 2060 pugnas
899 2017 964 2049 cod.
1125 2021 1187 2059 487
1212 2020 1270 2050 dcl.
1294 2019 1380 2050 Bm'x
1468 2019 1597 2050 auditat

256 2061 383 2093 Sclzoell
462 2073 560 2102 quam
579 2062 681 2105 (ille)
699 2063 776 2101 Leo,
797 2062 893 2093 Goetz
1032 2065 1097 2103 488
1121 2063 1180 2095 del.
1196 2064 1330 2095 Guictus
1400 2073 1499 2102 quem
1517 2062 1596 2092 Aci-

258 2106 390 2137 dalius:
424 2117 498 2137 cum
524 2106 588 2138 cod,
692 2117 790 2146 quam
824 2106 918 2138 Ital.:
954 2107 1030 2146 quia
1057 2108 1131 2138 PCD
1160 2117 1199 2147 [q
1216 2107 1261 2146 Β)
1419 2107 1484 2146 489
1509 2116 1597 2136 unus

258 2150 388 2180 Paulus
408 2161 478 2189 179,
505 2150 668 2190 Apuleius
686 2151 765 2190 flor.
802 2160 829 2187 1,
857 2161 899 2180 2:
935 2161 1000 2182 om.
1026 2151 1091 2182 cod.
1121 2151 1189 2189 (vii.
1220 2152 1255 2191 6)
1353 2150 1452 2181 auriti
1477 2150 1594 2181 decem

258 2193 398 2232 Pauluq
421 2195 601 2234 Apuleius:
634 2195 743 2225 aurite
771 2195 867 2224 decet
896 2195 961 2224 cod.
992 2195 1060 2226 (vii.
1087 2196 1120 2233 2)
1213 2194 1263 2225 vcl
1277 2195 1397 2225 auritei
1531 2204 1596 2233 490

258 2239 373 2268 audita
400 2238 472 2270 Ital.
492 2250 498 2269 z
521 2239 654 2269 auditas
678 2238 744 2268 coa'.
821 2239 930 2268 scient
957 2238 1031 2268 PCD
1141 2249 1201 2278 491
1231 2238 1395 2269 mussitan
1412 2237 1478 2268 cod.
1499 2247 1590 2275 &corn

260 2281 300 2317 C)
421 2292 485 2321 493
502 2288 598 2321 argut
624 2283 724 2320 (-guit
744 2279 817 2311 BC*
842 2282 946 2311 cecati
970 2281 1035 2312 cod.
1062 2283 1136 2321 (pro
1159 2287 1278 2321 argute
1303 2282 1399 2313 catii:
1423 2281 1535 2320 arguti
1558 2286 1592 2312 et

258 2326 321 2356 cati
342 2325 471 2356 Merula
560 2337 622 2365 494
641 2330 793 2363 argutam
818 2325 1006 2355 Turmbus:
1030 2332 1149 2364 arguta
1165 2325 1230 2357 cod.
1323 2335 1387 2364 495
1404 2325 1455 2355 vel
1468 2326 1592 2355 uirtute

260 2380 320 2408 pro
339 2370 485 2410 praefica
503 2369 607 2400 Varro
623 2369 660 2399 de
677 2368 716 2399 L.
738 2369 775 2399 L.
796 2379 823 2407 7.
847 2379 887 2407 70
906 2370 955 2409 (ts.
974 2369 1105 2400 Nom'us
1119 2370 1196 2409 67):
1217 2369 1366 2409 profecta
1378 2368 1442 2399 cod.
1528 2368 1594 2407 496

259 2415 345 2444 alios
368 2414 457 2444 codd.
476 2414 596 2444 Nonii:
621 2414 703 2443 alias
729 2412 795 2442 cod.
887 2413 935 2443 vel
957 2424 1059 2452 eapsa
1149 2424 1177 2445 c.
1207 2423 1310 2453 capsa
1335 2413 1432 2452 (abse
1448 2411 1538 2453 PCD)
1556 2421 1593 2441 se

262 2469 342 2489 uero
361 2458 424 2488 coa'.
446 2469 451 2488 :
479 2457 683 2488 conlaudare
701 2467 719 2487 a
737 2466 773 2487 Se
792 2467 873 2486 uero
891 2456 980 2488 codd.
1001 2456 1126 2488 Nouii:
1151 2466 1228 2488 corr.
1248 2457 1353 2487 Bothe
