1747 2740
733 145 959 186 RVDENS
1467 147 1510 185 V.
1533 149 1578 186 iii

174 257 251 296 DA.
293 256 370 295 iam
412 256 463 295 ab
509 256 608 296 istoc
650 257 802 295 auferre
848 257 955 295 haud
997 256 1137 304 ausim,
1179 256 1209 296 si
1253 256 1382 296 istunc
1421 271 1513 297 con-

1252 324 1510 363 demnauero.

171 387 414 439 promisistin
442 387 534 427 huic
554 389 791 438 argentum?
850 389 919 426 LA.
953 388 1087 428 fateor.
1150 390 1226 427 DA.
1260 390 1370 439 quod
1398 403 1514 428 seruo

1409 453 1518 505 meo>

66 527 152 571 1385
174 519 387 570 promisisti
409 533 542 558 meum
564 533 649 559 esse
671 527 839 571 oportet,
863 534 913 559 ne
935 527 987 567 tu,
1012 521 1114 568 leno,
1139 521 1316 571 postules
1389 454 1406 507 <

173 592 212 624 te
233 584 297 623 hic
318 586 396 624 fide
417 584 577 624 lenonia
597 584 653 623 uti
671 600 678 623 :
709 599 790 623 non
812 593 935 636 potes.
998 586 1076 625 GR.
1109 584 1186 624 iam
1209 593 1247 625 te
1266 588 1383 625 ratu's
1535 600 1578 633 30

174 657 335 689 nactum
365 649 570 690 hominem
603 664 724 700 quem
757 652 1017 690 defrudares?
1055 652 1236 691 dandum
1268 653 1346 691 huc
1379 666 1514 703 argen-

1134 724 1218 756 tum
1240 725 1299 757 est
1320 718 1516 769 probum:

173 781 214 821 id
235 795 308 832 ego
328 780 520 821 continuo
542 781 634 821 huic
655 783 762 822 dabo
783 783 886 822 adeo
907 781 971 822 me
991 790 1034 822 ut
1055 782 1120 822 hic
1141 783 1295 823 emittat
1316 797 1448 823 manu.

177 848 254 885 DA.
286 848 449 897 quando
478 861 571 898 ergo
601 863 693 900 erga
727 856 765 888 te
796 848 991 900 benignus
1019 847 1131 902 (ego)
1159 849 1211 889 fui
1247 857 1368 901 atque
1397 863 1518 901 opera

1428 929 1517 954 mea

66 988 157 1025 1390
174 979 274 1018 haec
304 978 375 1019 tibi
402 986 494 1019 sunt
521 987 724 1019 seruata—
734 981 811 1020 GR.
844 979 969 1020 immo
997 981 1128 1020 hercle
1150 994 1249 1029 mea,
1272 995 1323 1020 ne
1344 988 1384 1020 tu
1407 980 1516 1020 dicas

1435 1054 1513 1084 tua.

177 1112 253 1149 DA.
287 1109 336 1162 (si
358 1111 497 1162 sapies,
521 1111 688 1163 tacebis)
710 1119 794 1150 turn
816 1119 854 1151 te
876 1111 973 1150 mihi
995 1111 1166 1163 benigne
1187 1111 1325 1152 itidem
1346 1113 1516 1151 addecet
1536 1129 1577 1162 35

174 1177 278 1217 bene
300 1177 465 1217 merenti
486 1178 590 1217 bene
611 1179 752 1217 referre
772 1178 948 1229 gratiam.
1011 1180 1081 1217 LA.
1115 1180 1248 1229 nemp’
1268 1192 1340 1229 pro
1361 1192 1452 1217 meo

174 1242 257 1282 iure
288 1244 405 1283 oras?
463 1245 539 1282 DA.
574 1243 717 1282 mirum
745 1243 842 1295 quin
871 1251 983 1283 tuom
1011 1243 1071 1283 ius
1100 1258 1192 1284 meo
1213 1244 1361 1296 periclo
1388 1259 1458 1295 aps
1480 1252 1518 1283 te

698 1351 701 1357 .
1321 1319 1514 1362 expetam.

176 1377 254 1415 GR.
287 1376 418 1415 saluos
439 1389 541 1424 sum,
563 1377 654 1415 leno
676 1375 851 1423 labascit,
875 1376 1036 1415 libertas
1057 1375 1316 1427 portenditur.

67 1450 153 1489 1395
177 1443 254 1481 DA.
300 1441 482 1481 uidulum
511 1442 640 1482 istunc
671 1442 736 1482 ille
764 1442 927 1490 inuenit,
961 1442 1058 1482 illud
1094 1442 1351 1494 mancupium
1384 1457 1518 1483 meum

1441 1517 1499 1549 est
1509 1524 1518 1558 3

174 1588 248 1625 ego
270 1573 340 1613 tibi
362 1575 469 1613 hunc
490 1588 607 1625 porro
628 1574 783 1614 seruaui
805 1588 896 1613 cum
919 1588 1062 1625 magna
1082 1574 1261 1626 pecunia.
1539 1595 1581 1625 40

177 1642 247 1679 LA.
279 1640 442 1691 gratiam
465 1642 595 1680 habeo
616 1648 654 1680 et
680 1642 730 1680 de
752 1642 901 1680 talento
922 1642 1031 1679 nulla
1051 1654 1191 1680 caussa
1211 1648 1270 1680 est
1287 1640 1382 1692 quin
1404 1642 1516 1688 feras,

176 1707 287 1757 quod
317 1705 379 1745 isti
411 1720 499 1745 sum
530 1705 688 1745 iuratus.
750 1708 827 1745 GR.
861 1707 959 1746 heus
990 1708 1057 1745 tu!
1097 1705 1194 1745 mihi
1224 1707 1319 1746 dato
1351 1721 1454 1758 ergo,
1487 1706 1519 1745 si

1400 1786 1515 1823 sapls.

179 1839 254 1877 DA.
288 1845 403 1878 taceri
424 1853 474 1878 an
497 1841 608 1879 non?
666 1841 743 1879 GR.
777 1847 819 1878 tu
848 1852 978 1878 meam
1006 1852 1088 1878 rem
1117 1837 1278 1877 simulas
1299 1852 1424 1890 agere,
1448 1838 1519 1877 tibi

1213 1903 1361 1957 mu<nis
1382 1903 1515 1957 uiam).

71 1979 162 2015 1400
178 1984 259 2009 non
286 1971 416 2009 hercle
438 1970 537 2010 istoc
559 1985 622 2010 me
643 1970 890 2018 interuortes‚
914 1969 946 2008 si
966 1970 1084 2009 aliam
1107 1971 1295 2020 praedam
1318 1969 1483 2021 perdidi.

226 2075 307 2114 1383
333 2074 423 2105 haud
443 2074 555 2113 (haut)
573 2076 679 2106 ausim
696 2075 811 2116 scripsi
824 2074 1032 2105 dnbt'lanter:
1057 2079 1115 2106 aut
1135 2075 1198 2105 sim
1215 2073 1281 2105 cod.
1300 2086 1306 2105 ε
1330 2074 1410 2105 haut
1428 2074 1519 2114 potis

177 2118 240 2149 sim
255 2117 320 2148 Leo
414 2119 496 2157 1384
521 2119 707 2158 promisisti
725 2118 791 2150 cod.
806 2130 811 2149 τ
837 2129 916 2149 corr.
936 2119 1017 2149 Rei:
1084 2119 1193 2149 fateor
1205 2117 1279 2149 Ital.
1295 2130 1301 2149 :
1326 2118 1438 2149 inteor
1451 2119 1518 2150 cod.

178 2172 255 2193 meo
272 2161 349 2193 add.
368 2162 509 2201 Pylades
602 2165 684 2202 1385
710 2163 864 2203 promisti
883 2162 958 2192 PCD
1056 2164 1137 2201 1386
1162 2162 1334 2193 fidelenon
1352 2162 1430 2193 lauti
1449 2162 1515 2193 cod.

183 2207 264 2246 1387
289 2206 559 2237 defraudandum
578 2217 656 2238 corr.
675 2208 789 2238 -dares
805 2206 872 2237 cod.
893 2210 930 2236 :tl
945 2205 1000 2237 vid
1095 2207 1173 2237 huic
1190 2205 1265 2236 pcD
1282 2206 1336 2246 (ts.
1355 2206 1403 2237 (τά
1421 2217 1503 2245 1409
1512 2214 1517 2233 ἰ

184 2250 267 2288 1388
283 2250 418 2280 velmed
515 2252 597 2290 1389
617 2256 650 2281 te
664 2252 834 2290 benignus
847 2250 1077 2281 Camerarius:
1105 2250 1302 2289 tibenignus
1313 2250 1380 2281 cod.
1401 2254 1437 2280 ut
1452 2249 1515 2281 vid.

180 2303 246 2332 ego
265 2293 419 2326 Gm'etus:
446 2304 511 2325 om.
530 2295 596 2326 cod.
618 2297 802 2337 (perperam
819 2295 924 2334 script.
945 2304 1039 2332 ergo,
1055 2298 1127 2323 tum
1145 2293 1284 2324 deletum
1298 2295 1323 2327 2>
1438 2304 1515 2333 1391

180 2336 329 2368 benione
346 2338 460 2369 itidem
479 2339 600 2369 addem
618 2339 704 2370 cod.:
733 2350 809 2371 corr.
829 2339 904 2370 Ital.
1052 2347 1132 2377 1392
1158 2338 1287 2368 referre
1305 2337 1495 2369 Lambinus
1514 2350 1520 2368 :

182 2380 270 2412 serre
294 2381 361 2413 cod.
501 2392 582 2422 1395
608 2384 719 2414 istunc
743 2382 884 2413 Dousa:
909 2382 982 2412 istic
1004 2381 1071 2413 cod.
1210 2391 1293 2421 1399
1315 2387 1384 2413 tum
1412 2391 1520 2413 meam

182 2435 218 2455 re
235 2425 324 2456 cod:
348 2437 427 2457 corr.
450 2426 625 2459 Fleckeisen
724 2425 857 2470 mu(nis
876 2424 1152 2469 uiam)K0cl1(qs.
1175 2426 1208 2457 ii.
1229 2430 1264 2467 5)

1364 2477 1426 2509 25*
