1747 2740
158 109 228 149 lv.
248 111 276 146 1'1
667 108 713 145 T.
746 106 927 147 MACCI
960 106 1164 144 PLAVTI

249 221 314 260 l)1.
338 219 425 271 quis
445 228 503 259 est
523 219 606 266 iste,
626 218 875 270 Astaphium,
898 217 1040 265 indica,
1058 216 1126 268 qui
1147 216 1278 268 perit?
1333 217 1402 255 As.
1424 215 1579 263 amabo,

1280 281 1387 321 hicin
1407 289 1450 320 tu
1470 281 1584 321 eras?

191 367 229 390 10
411 353 476 389 D1.
510 352 750 390 molestusne
771 351 889 388 sum?
945 351 1013 388 AS.
1046 362 1153 388 nunc
1180 348 1303 400 magis
1323 360 1443 399 quam
1464 346 1581 393 fuisti,
1603 357 1672 393 720

408 429 500 455 nam
521 416 551 454 si
573 415 669 466 quid
691 415 806 454 nobis
828 422 939 453 usust
960 413 1075 453 nobis
1098 415 1308 453 molestu's.

301 483 371 521 sed
393 494 568 532 opsecro,
592 482 643 519 da
665 480 717 518 mi
739 493 900 531 operam
922 487 964 518 ut
985 493 1138 518 narrem
1161 492 1262 530 quae
1278 479 1382 518 uolo.

357 548 422 585 D1.
456 559 546 584 nam
565 545 662 596 quid
678 547 766 584 est?
795 558 891 583 num
908 558 997 583 mea
1013 545 1127 583 refert
1143 546 1160 582 ?
1215 546 1284 583 As.
1307 556 1388 582 non
1406 541 1582 582 mussito.

302 611 397 650 intu'
416 612 530 651 bolos
547 624 647 661 quos
666 612 734 650 dat
753 614 760 648 1
801 612 867 649 D1.
891 609 1018 660 quid?
1047 618 1199 648 amator
1219 611 1337 648 nouo’
1359 608 1586 660 quispiam?

192 688 227 721 ¹5
355 679 424 715 As.
457 676 651 726 integrum
686 684 723 714 et
762 677 924 726 plenum
963 676 1139 714 adortast
1173 675 1440 713 thensaurum.
1515 676 1581 712 D1.
1604 680 1670 717 725

1389 738 1477 790 quis
1497 740 1585 778 est?

247 809 315 847 As.
347 809 519 858 eloquar,
554 808 625 846 sed
664 815 705 845 tu
741 814 881 845 taceto.
941 805 1073 845 nostin
1108 814 1149 844 tu
1183 807 1291 844 hunc
1325 805 1586 844 Strabacem?

1318 872 1383 909 D1.
1416 869 1587 921 quidni?

247 941 316 977 As.
347 940 454 977 solus
475 951 671 976 summam
693 937 813 976 habet
841 936 904 975 hic
933 936 1041 988 apud
1068 950 1152 983 nos,
1175 949 1282 975 nunc
1309 935 1340 975 is
1361 943 1419 975 est
1439 936 1586 975 fundus

1445 1014 1584 1040 nouos

302 1069 435 1108 animo
453 1069 560 1108 bono
578 1070 679 1107 male
694 1067 812 1121 (rem)
825 1067 933 1119 gerit.
997 1069 1062 1106 D1.
1085 1067 1185 1118 perit
1205 1068 1336 1106 hercle
1351 1082 1361 1116 ;
1390 1080 1464 1118 ego
1479 1066 1585 1106 idem

304 1135 409 1174 bona
427 1133 594 1184 perdidi,
618 1135 721 1172 mala
741 1133 904 1184 repperi,
925 1130 1084 1186 [factus]
1105 1147 1192 1172 sum
1214 1141 1395 1172 extumus
1415 1146 1438 1171 a
1458 1132 1584 1172 uobis.

192 1217 231 1238 20
251 1202 321 1239 As,
352 1201 493 1239 stultus
514 1213 555 1238 es
576 1199 643 1250 qui
665 1201 768 1237 facta
788 1199 933 1238 infecta
954 1200 1082 1238 facere
1102 1198 1233 1237 uerbis
1255 1199 1440 1248 postules.
1607 1212 1676 1247 730

251 1265 380 1304 Theti'
401 1279 562 1315 quoque
583 1264 701 1303 etiam
722 1265 979 1303 lamentando
1000 1278 1163 1315 pausam
1185 1263 1277 1302 fecit
1297 1263 1389 1303 filio.

254 1333 320 1369 D1.
352 1345 432 1370 non
454 1344 527 1380 ego
548 1344 654 1369 nunc
676 1330 778 1369 intro
798 1331 849 1370 ad
871 1344 943 1369 uos
964 1330 1126 1368 mittar?
1183 1331 1249 1368 As.
1283 1329 1448 1379 quidum
1470 1343 1589 1379 quam

1305 1393 1416 1432 miles
1437 1394 1559 1445 magis
1575 1395 1592 1432 ?

253 1463 319 1500 D1.
352 1461 445 1512 quia
473 1461 579 1500 enim
609 1463 697 1512 plus
727 1460 830 1500 dedi.
893 1463 959 1499 As.
993 1461 1080 1511 plus
1110 1459 1215 1499 enim
1246 1473 1287 1498 cs
1317 1459 1419 1498 intro
1449 1459 1590 1498 missus

1297 1538 1418 1575 quom
1440 1525 1564 1564 dabas
1583 1539 1590 1562 :

255 1591 339 1631 sine
366 1591 539 1631 uicissim
568 1591 635 1642 qui
663 1592 759 1630 dant
787 1589 983 1644 [operam]
1011 1591 1064 1630 ob
1091 1590 1188 1630 illud
1209 1591 1319 1641 quod
1346 1591 1442 1629 dant
1462 1589 1590 1641 operis

1480 1663 1589 1694 utler.

300 1744 361 1773 719
389 1733 444 1773 qui
473 1738 525 1764 est
551 1734 613 1763 iste
643 1732 717 1774 [ea]
743 1738 806 1764 ast.
843 1732 930 1764 cod.:
968 1744 1047 1764 corr.
1074 1732 1174 1765 Ital.:
1209 1733 1283 1774 quis
1311 1734 1409 1766 istest
1435 1733 1476 1764 A.
1502 1732 1592 1764 Bach

255 1778 474 1809 hicinetucrc
498 1776 562 1808 cod.
583 1788 589 1807 z
627 1787 705 1807 corr.
731 1777 861 1808 Merula
1024 1787 1081 1817 721
1111 1778 1155 1818 si]
1182 1778 1247 1809 nisi
1271 1778 1344 1810 Ital.
1487 1777 1592 1808 usui’s

255 1822 391 1862 5⁶)Iffi7't
479 1821 577 1851 nobis
593 1819 759 1861 alt.]sort.
781 1831 850 1851 non
941 1822 996 1852 vix
1009 1832 1086 1853 nam
1113 1822 1140 1852 si
1161 1822 1241 1862 quid
1262 1823 1352 1862 &quis
1365 1824 1389 1855 ἲ)
1408 1822 1507 1853 nobis
1524 1831 1590 1852 non

257 1870 363 1901 usust,
378 1876 442 1895 non
457 1864 691 1896 molestumst?
710 1868 806 1899 *j-tust
819 1865 844 1904 ἲ)
938 1875 999 1904 722
1012 1876 1125 1897 narem
1138 1865 1203 1897 cod.
1271 1866 1350 1898 uolo
1363 1866 1437 1898 Ital.
1453 1877 1459 1898 :
1478 1866 1591 1897 uolom

256 1909 301 1940 B:
321 1909 402 1939 uolti
418 1908 445 1939 C
459 1919 465 1938 2
484 1907 562 1938 uolu
579 1908 614 1938 D
704 1919 766 1948 723
792 1918 870 1939 num
885 1919 959 1940 mea
975 1909 1171 1941 Gulielmius
1188 1922 1194 1940 :
1220 1920 1296 1940 nam
1310 1921 1350 1941 ea
1365 1909 1431 1941 cod.
1502 1919 1590 1940 mus-

257 1953 322 1983 sito
337 1951 496 1995 Spengel:
529 1957 657 1982 musset
684 1951 748 1983 cod.
851 1962 957 1992 723—4
985 1954 1041 1984 vix
1083 1954 1226 1985 mussito
1259 1954 1390 1993 in-3-tus
1422 1953 1589 1993 (creticum

257 1997 412 2036 systema)
564 1997 626 2035 726
650 1995 790 2035 eloquar
808 1995 882 2027 Ital.
903 2008 908 2026 :
947 2002 979 2027 te
1005 1997 1124 2036 loquar
1140 1997 1206 2030 cod.
1309 2003 1343 2029 tu
1357 1997 1590 2029 Camerarius:

258 2041 314 2071 (liu
333 2039 398 2070 cod.
492 2044 550 2070 tun
569 2040 634 2070 cod.
652 2050 744 2077 (porr.
763 2041 797 2070 in
815 2040 860 2070 ΒΧ
881 2042 954 2080 (pro
966 2043 998 2071 tu
1014 2052 1021 2074 ς
1039 2041 1094 2072 vii.
1108 2042 1143 2080 4N
1238 2051 1298 2081 727
1323 2051 1453 2072 summa
1476 2041 1590 2071 hiabet

258 2084 290 2114 B
377 2082 510 2125 (nunc)
522 2083 594 2114 hab.
612 2082 679 2113 Lro
769 2094 876 2114 nouos
892 2083 1037 2115 Schocll:
1059 2085 1154 2115 nobis
1166 2084 1232 2117 cod.
1342 2085 1404 2124 728
1420 2084 1506 2115 rna1e
1518 2094 1589 2115 rem

261 2127 491 2158 Camerarius:
518 2127 637 2158 malem
658 2127 758 2158 *male
778 2126 865 2157 PCD&
884 2127 950 2158 cod.
1044 2129 1128 2167 perii
1142 2128 1215 2159 Ital.
1318 2129 1429 2159 itidem
1457 2127 1591 2168 Geppcr!

260 2182 323 2211 729
340 2182 406 2202 om.
428 2170 494 2201 cod.
516 2183 521 2201 :
546 2171 618 2202 hab.
637 2170 827 2201 Priscianus
847 2181 873 2206 Ι,
899 2181 957 2201 ιοο
989 2182 1012 2202 s.
1033 2182 1060 2202 v.
1083 2178 1267 2207 extremus,
1292 2172 1451 2208 extimus)
1541 2172 1592 2201 laic

260 2216 400 2255 reposuit
416 2214 553 2255 Langen
660 2214 765 2245 sactus
788 2214 890 2245 ‹lrlevi
910 2214 1105 2248 dub1'tanm·,
1137 2220 1172 2246 ut
1194 2227 1304 2246 versus
1330 2214 1509 2246 Reiz-:ianus
1523 2215 1592 2254 fia!

262 2268 325 2298 730
349 2265 400 2289 est
416 2257 481 2288 cod.
633 2268 691 2297 731
720 2268 856 2297 pausam
883 2258 1000 2288 Valla:
1035 2260 1164 2289 lausum
1190 2259 1279 2290 cod:
1314 2258 1440 2290 lausum
1464 2257 1593 2289 Schoell

262 2303 378 2335 (Arch.
400 2302 473 2332 Lat.
496 2300 572 2331 Lex.
591 2314 620 2339 4.
643 2303 719 2340 258:
836 2312 896 2341 732
921 2302 975 2340 qni
996 2309 1028 2332 ιιι
1049 2313 1146 2342 quam
1168 2303 1333 2343 Kicsslsng
1465 2311 1527 2342 733
1550 2312 1588 2332 es

260 2347 333 2378 Ital.
351 2357 357 2376 ;
382 2356 418 2375 se
436 2345 520 2375 cod.:
544 2344 624 2387 (tu)
643 2356 679 2375 cs
710 2348 729 2375 ,Γ
754 2344 827 2377 Lm.
848 2356 928 2375 uam
947 2346 1036 2376 enim
1060 2348 1063 2382 Ι
1085 2356 1122 2376 cs
1138 2346 1374 2385 virscrcndum
1488 2355 1587 2385 quom

261 2389 468 2420 Saracmus:
493 2399 590 2428 qnam
611 2388 676 2419 cod.
829 2399 888 2428 734
915 2398 1052 2428 operam
1071 2389 1128 2421 dcl.
1151 2388 1336 2420 Lambinus
1450 2390 1493 2421 ob
1507 2389 1587 2420 illud

263 2435 414 2465 Lomau:
440 2433 521 2462 oblit
546 2433 680 2473 *oblitus
698 2432 772 2462 ΡΠ)
805 2432 870 2463 cod.
