<?xml version="1.0" encoding="UTF-8"?>
<!DOCTYPE html PUBLIC "-//W3C//DTD XHTML 1.0 Transitional//EN"
    "http://www.w3.org/TR/xhtml1/DTD/xhtml1-transitional.dtd">
<html xmlns="http://www.w3.org/1999/xhtml" xml:lang="en" lang="en">
 <head>
  <title>
</title>
<meta http-equiv="Content-Type" content="text/html;charset=utf-8" />
  <meta name='ocr-system' content='tesseract 3.04.00' />
  <meta name='ocr-capabilities' content='ocr_page ocr_carea ocr_par ocr_line ocrx_word'/>
</head>
<body>
  <div class='ocr_page' id='page_1' title='image "./comoediaerecogno02plau_0055.png"; bbox 0 0 1747 2740; ppageno 0'>
   <div class='ocr_carea' id='block_1_1' title="bbox 492 160 1450 200">
    <p class='ocr_par' dir='ltr' id='par_1_1' title="bbox 492 160 1450 200">
     <span class='ocr_line' id='line_1_1' title="bbox 492 160 1450 200; baseline -0.002 0"><span class='ocrx_word' id='word_1_1' title='bbox 492 162 662 200; x_wconf 91' lang='lat' dir='ltr'>MILES</span> <span class='ocrx_word' id='word_1_2' title='bbox 694 161 1008 200; x_wconf 89' lang='lat' dir='ltr'>GLORIOSVS</span> <span class='ocrx_word' id='word_1_3' title='bbox 1338 162 1415 199; x_wconf 91' lang='grc' dir='ltr'><strong>ΙΙΙ.</strong></span> <span class='ocrx_word' id='word_1_4' title='bbox 1435 160 1450 198; x_wconf 83' lang='lat' dir='ltr'><strong>i</strong></span> 
     </span>
    </p>
   </div>
   <div class='ocr_carea' id='block_1_2' title="bbox 0 270 1485 1764">
    <p class='ocr_par' dir='ltr' id='par_1_2' title="bbox 0 270 1485 1764">
     <span class='ocr_line' id='line_1_2' title="bbox 88 270 1340 322; baseline -0.001 -12"><span class='ocrx_word' id='word_1_5' title='bbox 88 284 218 322; x_wconf 89' lang='lat' dir='ltr'><strong>neque</strong></span> <span class='ocrx_word' id='word_1_6' title='bbox 238 270 430 321; x_wconf 88' lang='lat' dir='ltr'><strong>praeripio</strong></span> <span class='ocrx_word' id='word_1_7' title='bbox 451 271 750 321; x_wconf 87' lang='lat' dir='ltr'><strong>pulpamentum</strong></span> <span class='ocrx_word' id='word_1_8' title='bbox 774 284 903 321; x_wconf 87' lang='lat' dir='ltr'><strong>neque</strong></span> <span class='ocrx_word' id='word_1_9' title='bbox 924 278 1133 321; x_wconf 87' lang='lat' dir='ltr'><strong>praeuorto</strong></span> <span class='ocrx_word' id='word_1_10' title='bbox 1154 272 1340 321; x_wconf 83' lang='lat' dir='ltr'><strong>poculum</strong></span> 
     </span>
     <span class='ocr_line' id='line_1_3' title="bbox 89 335 1421 387; baseline 0 -12"><span class='ocrx_word' id='word_1_11' title='bbox 89 350 218 387; x_wconf 88' lang='lat' dir='ltr'><strong>neque</strong></span> <span class='ocrx_word' id='word_1_12' title='bbox 238 349 306 386; x_wconf 87' lang='lat' dir='ltr'><strong>per</strong></span> <span class='ocrx_word' id='word_1_13' title='bbox 326 335 463 374; x_wconf 87' lang='lat' dir='ltr'><strong>uinum</strong></span> <span class='ocrx_word' id='word_1_14' title='bbox 485 349 673 386; x_wconf 84' lang='lat' dir='ltr'><strong>umquam</strong></span> <span class='ocrx_word' id='word_1_15' title='bbox 695 351 742 374; x_wconf 84' lang='lat' dir='ltr'><strong>ex</strong></span> <span class='ocrx_word' id='word_1_16' title='bbox 764 349 827 375; x_wconf 82' lang='lat' dir='ltr'><strong>me</strong></span> <span class='ocrx_word' id='word_1_17' title='bbox 847 335 1017 375; x_wconf 75' lang='lat' dir='ltr'><strong>exoritur</strong></span> <span class='ocrx_word' id='word_1_18' title='bbox 1038 336 1248 374; x_wconf 76' lang='lat' dir='ltr'>discidium</span> <span class='ocrx_word' id='word_1_19' title='bbox 1272 337 1310 374; x_wconf 87' lang='lat' dir='ltr'><strong>in</strong></span> <span class='ocrx_word' id='word_1_20' title='bbox 1331 350 1421 375; x_wconf 89' lang='lat' dir='ltr'><strong>con-</strong></span> 
     </span>
     <span class='ocr_line' id='line_1_4' title="bbox 1288 402 1420 441; baseline 0.008 -1"><span class='ocrx_word' id='word_1_21' title='bbox 1288 402 1396 441; x_wconf 88' lang='lat' dir='ltr'><strong>uiuio</strong></span> <span class='ocrx_word' id='word_1_22' title='bbox 1414 417 1420 441; x_wconf 89' lang='lat'>:</span> 
     </span>
     <span class='ocr_line' id='line_1_5' title="bbox 0 466 1349 520; baseline 0.001 -15"><span class='ocrx_word' id='word_1_23' title='bbox 0 473 66 520; x_wconf 83' lang='lat'><strong>655</strong></span> <span class='ocrx_word' id='word_1_24' title='bbox 88 466 118 505; x_wconf 89' lang='lat' dir='ltr'><strong>si</strong></span> <span class='ocrx_word' id='word_1_25' title='bbox 140 466 227 517; x_wconf 85' lang='lat' dir='ltr'><strong>quis</strong></span> <span class='ocrx_word' id='word_1_26' title='bbox 248 466 302 505; x_wconf 90' lang='lat' dir='ltr'><strong>ibi</strong></span> <span class='ocrx_word' id='word_1_27' title='bbox 322 474 381 506; x_wconf 87' lang='lat' dir='ltr'><strong>est</strong></span> <span class='ocrx_word' id='word_1_28' title='bbox 401 466 573 514; x_wconf 82' lang='lat' dir='ltr'><strong>odiosus,</strong></span> <span class='ocrx_word' id='word_1_29' title='bbox 595 468 697 506; x_wconf 82' lang='lat' dir='ltr'><strong>abeo</strong></span> <span class='ocrx_word' id='word_1_30' title='bbox 718 468 894 515; x_wconf 84' lang='lat' dir='ltr'><strong>domum,</strong></span> <span class='ocrx_word' id='word_1_31' title='bbox 919 481 1140 506; x_wconf 80' lang='lat' dir='ltr'><strong>sermonem</strong></span> <span class='ocrx_word' id='word_1_32' title='bbox 1164 481 1349 518; x_wconf 77' lang='lat' dir='ltr'><strong>segreg03</strong></span> 
     </span>
     <span class='ocr_line' id='line_1_6' title="bbox 87 532 1484 583; baseline 0.003 -14"><span class='ocrx_word' id='word_1_33' title='bbox 87 533 295 578; x_wconf 87' lang='lat' dir='ltr'><strong>Venerem,</strong></span> <span class='ocrx_word' id='word_1_34' title='bbox 318 545 493 571; x_wconf 89' lang='lat' dir='ltr'><strong>amorem</strong></span> <span class='ocrx_word' id='word_1_35' title='bbox 514 532 877 583; x_wconf 81' lang='lat' dir='ltr'><strong>amoenitatemque</strong></span> <span class='ocrx_word' id='word_1_36' title='bbox 897 533 1097 571; x_wconf 87' lang='lat' dir='ltr'><strong>accubans</strong></span> <span class='ocrx_word' id='word_1_37' title='bbox 1118 546 1291 572; x_wconf 79' lang='lat' dir='ltr'><strong>exerceo.</strong></span> <span class='ocrx_word' id='word_1_38' title='bbox 1440 541 1484 573; x_wconf 93' lang='lat'><strong>60</strong></span> 
     </span>
     <span class='ocr_line' id='line_1_7' title="bbox 88 596 1420 648; baseline 0.004 -13"><span class='ocrx_word' id='word_1_39' title='bbox 88 598 156 635; x_wconf 83' lang='lat' dir='ltr'><strong>PA.</strong></span> <span class='ocrx_word' id='word_1_40' title='bbox 189 604 230 635; x_wconf 90' lang='lat' dir='ltr'><strong>tu</strong></span> <span class='ocrx_word' id='word_1_41' title='bbox 251 596 413 647; x_wconf 90' lang='lat' dir='ltr'><strong>quidem</strong></span> <span class='ocrx_word' id='word_1_42' title='bbox 435 598 578 648; x_wconf 88' lang='lat' dir='ltr'><strong>edepol</strong></span> <span class='ocrx_word' id='word_1_43' title='bbox 599 598 728 636; x_wconf 85' lang='lat' dir='ltr'><strong>omnis</strong></span> <span class='ocrx_word' id='word_1_44' title='bbox 757 598 877 637; x_wconf 89' lang='lat' dir='ltr'><strong>moris</strong></span> <span class='ocrx_word' id='word_1_45' title='bbox 897 600 949 637; x_wconf 86' lang='lat' dir='ltr'><strong>ad</strong></span> <span class='ocrx_word' id='word_1_46' title='bbox 970 606 1220 637; x_wconf 89' lang='lat' dir='ltr'><strong>uenustatem</strong></span> <span class='ocrx_word' id='word_1_47' title='bbox 1241 598 1420 647; x_wconf 85' lang='lat' dir='ltr'><strong>†uicet†;</strong></span> 
     </span>
     <span class='ocr_line' id='line_1_8' title="bbox 87 661 1376 702; baseline 0.002 -2"><span class='ocrx_word' id='word_1_48' title='bbox 87 662 187 700; x_wconf 91' lang='lat' dir='ltr'><strong>cedo</strong></span> <span class='ocrx_word' id='word_1_49' title='bbox 208 661 274 700; x_wconf 87' lang='lat' dir='ltr'><strong>tris</strong></span> <span class='ocrx_word' id='word_1_50' title='bbox 296 661 348 700; x_wconf 91' lang='lat' dir='ltr'><strong>mi</strong></span> <span class='ocrx_word' id='word_1_51' title='bbox 370 662 552 701; x_wconf 88' lang='lat' dir='ltr'><strong>homines</strong></span> <span class='ocrx_word' id='word_1_52' title='bbox 572 663 796 702; x_wconf 87' lang='lat' dir='ltr'><strong>aurichalco</strong></span> <span class='ocrx_word' id='word_1_53' title='bbox 817 671 955 702; x_wconf 90' lang='lat' dir='ltr'><strong>contra</strong></span> <span class='ocrx_word' id='word_1_54' title='bbox 974 677 1066 702; x_wconf 89' lang='lat' dir='ltr'><strong>cum</strong></span> <span class='ocrx_word' id='word_1_55' title='bbox 1087 663 1169 702; x_wconf 89' lang='lat' dir='ltr'><strong>istis</strong></span> <span class='ocrx_word' id='word_1_56' title='bbox 1190 664 1376 702; x_wconf 87' lang='lat' dir='ltr'><strong>moribus.</strong></span> 
     </span>
     <span class='ocr_line' id='line_1_9' title="bbox 89 726 1325 779; baseline 0.002 -14"><span class='ocrx_word' id='word_1_57' title='bbox 89 728 156 766; x_wconf 87' lang='lat' dir='ltr'><strong>PL.</strong></span> <span class='ocrx_word' id='word_1_58' title='bbox 187 734 226 765; x_wconf 86' lang='lat' dir='ltr'><strong>at</strong></span> <span class='ocrx_word' id='word_1_59' title='bbox 247 726 408 778; x_wconf 91' lang='lat' dir='ltr'><strong>quidem</strong></span> <span class='ocrx_word' id='word_1_60' title='bbox 430 727 522 767; x_wconf 75' lang='lat' dir='ltr'><strong>illuc</strong></span> <span class='ocrx_word' id='word_1_61' title='bbox 541 728 680 767; x_wconf 85' lang='lat' dir='ltr'><strong>aetatis</strong></span> <span class='ocrx_word' id='word_1_62' title='bbox 700 728 768 779; x_wconf 88' lang='lat' dir='ltr'><strong>qui</strong></span> <span class='ocrx_word' id='word_1_63' title='bbox 789 729 838 767; x_wconf 87' lang='lat' dir='ltr'><strong>sit</strong></span> <span class='ocrx_word' id='word_1_64' title='bbox 858 743 939 768; x_wconf 89' lang='lat' dir='ltr'><strong>non</strong></span> <span class='ocrx_word' id='word_1_65' title='bbox 961 729 1140 768; x_wconf 88' lang='lat' dir='ltr'><strong>inuenies</strong></span> <span class='ocrx_word' id='word_1_66' title='bbox 1160 731 1325 768; x_wconf 88' lang='lat' dir='ltr'><strong>alterum</strong></span> 
     </span>
     <span class='ocr_line' id='line_1_10' title="bbox 0 791 1350 845; baseline 0 -13"><span class='ocrx_word' id='word_1_67' title='bbox 0 795 71 832; x_wconf 90' lang='lat'><strong>660</strong></span> <span class='ocrx_word' id='word_1_68' title='bbox 87 791 319 843; x_wconf 88' lang='lat' dir='ltr'><strong>lepidiorem</strong></span> <span class='ocrx_word' id='word_1_69' title='bbox 339 793 391 832; x_wconf 90' lang='lat' dir='ltr'><strong>ad</strong></span> <span class='ocrx_word' id='word_1_70' title='bbox 411 794 541 832; x_wconf 79' lang='lat' dir='ltr'><strong>omnis</strong></span> <span class='ocrx_word' id='word_1_71' title='bbox 560 807 621 832; x_wconf 90' lang='lat' dir='ltr'><strong>res</strong></span> <span class='ocrx_word' id='word_1_72' title='bbox 642 808 716 833; x_wconf 88' lang='lat' dir='ltr'><strong>nec</strong></span> <span class='ocrx_word' id='word_1_73' title='bbox 737 795 804 845; x_wconf 90' lang='lat' dir='ltr'><strong>qui</strong></span> <span class='ocrx_word' id='word_1_74' title='bbox 825 795 976 833; x_wconf 86' lang='lat' dir='ltr'><strong>amicus</strong></span> <span class='ocrx_word' id='word_1_75' title='bbox 997 795 1127 834; x_wconf 90' lang='lat' dir='ltr'><strong>amico</strong></span> <span class='ocrx_word' id='word_1_76' title='bbox 1148 794 1196 833; x_wconf 93' lang='lat' dir='ltr'><strong>sit</strong></span> <span class='ocrx_word' id='word_1_77' title='bbox 1218 794 1350 845; x_wconf 85' lang='lat' dir='ltr'><strong>magis.</strong></span> 
     </span>
     <span class='ocr_line' id='line_1_11' title="bbox 89 859 1485 910; baseline 0.002 -14"><span class='ocrx_word' id='word_1_78' title='bbox 89 859 156 896; x_wconf 83' lang='lat' dir='ltr'><strong>PE.</strong></span> <span class='ocrx_word' id='word_1_79' title='bbox 189 865 272 897; x_wconf 89' lang='lat' dir='ltr'><strong>tute</strong></span> <span class='ocrx_word' id='word_1_80' title='bbox 293 872 356 897; x_wconf 90' lang='lat' dir='ltr'><strong>me</strong></span> <span class='ocrx_word' id='word_1_81' title='bbox 376 866 418 897; x_wconf 91' lang='lat' dir='ltr'><strong>ut</strong></span> <span class='ocrx_word' id='word_1_82' title='bbox 438 860 582 898; x_wconf 83' lang='lat' dir='ltr'><strong>fateare</strong></span> <span class='ocrx_word' id='word_1_83' title='bbox 602 860 743 898; x_wconf 84' lang='lat' dir='ltr'><strong>faciam</strong></span> <span class='ocrx_word' id='word_1_84' title='bbox 765 874 851 899; x_wconf 87' lang='lat' dir='ltr'><strong>esse</strong></span> <span class='ocrx_word' id='word_1_85' title='bbox 870 862 1166 900; x_wconf 82' lang='lat' dir='ltr'><strong>adulescentem</strong></span> <span class='ocrx_word' id='word_1_86' title='bbox 1188 861 1374 907; x_wconf 89' lang='lat' dir='ltr'><strong>moribus,</strong></span> <span class='ocrx_word' id='word_1_87' title='bbox 1443 867 1485 910; x_wconf 87' lang='lat'><strong>65</strong></span> 
     </span>
     <span class='ocr_line' id='line_1_12' title="bbox 87 922 1303 976; baseline 0.002 -15"><span class='ocrx_word' id='word_1_88' title='bbox 87 922 140 961; x_wconf 93' lang='lat' dir='ltr'><strong>ita</strong></span> <span class='ocrx_word' id='word_1_89' title='bbox 159 924 266 974; x_wconf 86' lang='lat' dir='ltr'><strong>apud</strong></span> <span class='ocrx_word' id='word_1_90' title='bbox 286 923 416 962; x_wconf 90' lang='lat' dir='ltr'><strong>omnis</strong></span> <span class='ocrx_word' id='word_1_91' title='bbox 437 926 677 975; x_wconf 89' lang='lat' dir='ltr'><strong>comparebo</strong></span> <span class='ocrx_word' id='word_1_92' title='bbox 698 926 769 965; x_wconf 89' lang='lat' dir='ltr'><strong>tibi</strong></span> <span class='ocrx_word' id='word_1_93' title='bbox 790 939 849 965; x_wconf 93' lang='lat' dir='ltr'><strong>res</strong></span> <span class='ocrx_word' id='word_1_94' title='bbox 871 926 1087 964; x_wconf 85' lang='lat' dir='ltr'><strong>benefactis</strong></span> <span class='ocrx_word' id='word_1_95' title='bbox 1108 927 1303 976; x_wconf 85' lang='lat' dir='ltr'><strong>frequens.</strong></span> 
     </span>
     <span class='ocr_line' id='line_1_13' title="bbox 87 988 1236 1039; baseline 0.003 -12"><span class='ocrx_word' id='word_1_96' title='bbox 87 990 231 1038; x_wconf 90' lang='lat' dir='ltr'><strong>opu’ne</strong></span> <span class='ocrx_word' id='word_1_97' title='bbox 251 988 322 1028; x_wconf 89' lang='lat' dir='ltr'><strong>erit</strong></span> <span class='ocrx_word' id='word_1_98' title='bbox 342 989 413 1028; x_wconf 88' lang='lat' dir='ltr'><strong>tibi</strong></span> <span class='ocrx_word' id='word_1_99' title='bbox 433 991 631 1029; x_wconf 91' lang='lat' dir='ltr'><strong>aduocato</strong></span> <span class='ocrx_word' id='word_1_100' title='bbox 653 991 760 1039; x_wconf 85' lang='lat' dir='ltr'><strong>tristi,</strong></span> <span class='ocrx_word' id='word_1_101' title='bbox 784 991 974 1030; x_wconf 87' lang='lat' dir='ltr'><strong>iracundo</strong></span> <span class='ocrx_word' id='word_1_102' title='bbox 991 993 1007 1030; x_wconf 92' lang='lat'>?</span> <span class='ocrx_word' id='word_1_103' title='bbox 1036 1005 1128 1030; x_wconf 89' lang='lat' dir='ltr'><strong>ecce</strong></span> <span class='ocrx_word' id='word_1_104' title='bbox 1150 994 1236 1030; x_wconf 78' lang='lat' dir='ltr'><strong>me!</strong></span> 
     </span>
     <span class='ocr_line' id='line_1_14' title="bbox 87 1054 1231 1107; baseline 0.003 -14"><span class='ocrx_word' id='word_1_105' title='bbox 87 1056 231 1105; x_wconf 88' lang='lat' dir='ltr'><strong>opu&#39;ne</strong></span> <span class='ocrx_word' id='word_1_106' title='bbox 251 1054 362 1093; x_wconf 90' lang='lat' dir='ltr'><strong>leni?</strong></span> <span class='ocrx_word' id='word_1_107' title='bbox 390 1055 579 1095; x_wconf 90' lang='lat' dir='ltr'><strong>leniorem</strong></span> <span class='ocrx_word' id='word_1_108' title='bbox 601 1056 709 1096; x_wconf 88' lang='lat' dir='ltr'><strong>dices</strong></span> <span class='ocrx_word' id='word_1_109' title='bbox 730 1070 850 1107; x_wconf 91' lang='lat' dir='ltr'><strong>quam</strong></span> <span class='ocrx_word' id='word_1_110' title='bbox 872 1065 1024 1096; x_wconf 88' lang='lat' dir='ltr'><strong>mutum</strong></span> <span class='ocrx_word' id='word_1_111' title='bbox 1047 1065 1105 1096; x_wconf 88' lang='lat' dir='ltr'><strong>est</strong></span> <span class='ocrx_word' id='word_1_112' title='bbox 1126 1070 1231 1096; x_wconf 87' lang='lat' dir='ltr'><strong>mare</strong></span> 
     </span>
     <span class='ocr_line' id='line_1_15' title="bbox 0 1119 1152 1172; baseline 0.003 -14"><span class='ocrx_word' id='word_1_113' title='bbox 0 1123 66 1169; x_wconf 83' lang='lat'><strong>665</strong></span> <span class='ocrx_word' id='word_1_114' title='bbox 87 1119 468 1171; x_wconf 86' lang='lat' dir='ltr'><strong>liquidiusculusque</strong></span> <span class='ocrx_word' id='word_1_115' title='bbox 488 1135 555 1160; x_wconf 91' lang='lat' dir='ltr'><strong>ero</strong></span> <span class='ocrx_word' id='word_1_116' title='bbox 576 1136 695 1172; x_wconf 86' lang='lat' dir='ltr'><strong>quam</strong></span> <span class='ocrx_word' id='word_1_117' title='bbox 717 1130 859 1161; x_wconf 88' lang='lat' dir='ltr'><strong>uentus</strong></span> <span class='ocrx_word' id='word_1_118' title='bbox 880 1131 938 1162; x_wconf 89' lang='lat' dir='ltr'><strong>est</strong></span> <span class='ocrx_word' id='word_1_119' title='bbox 959 1123 1152 1162; x_wconf 88' lang='lat' dir='ltr'><strong>fauonius.</strong></span> 
     </span>
     <span class='ocr_line' id='line_1_16' title="bbox 88 1184 1485 1238; baseline 0.002 -15"><span class='ocrx_word' id='word_1_120' title='bbox 88 1186 151 1224; x_wconf 90' lang='lat' dir='ltr'><strong>uel</strong></span> <span class='ocrx_word' id='word_1_121' title='bbox 171 1184 463 1224; x_wconf 86' lang='lat' dir='ltr'><strong>hilarissumum</strong></span> <span class='ocrx_word' id='word_1_122' title='bbox 484 1187 697 1226; x_wconf 90' lang='lat' dir='ltr'><strong>conuiuam</strong></span> <span class='ocrx_word' id='word_1_123' title='bbox 719 1187 812 1226; x_wconf 92' lang='lat' dir='ltr'><strong>hinc</strong></span> <span class='ocrx_word' id='word_1_124' title='bbox 834 1187 1012 1227; x_wconf 88' lang='lat' dir='ltr'><strong>indidem</strong></span> <span class='ocrx_word' id='word_1_125' title='bbox 1034 1201 1260 1238; x_wconf 83' lang='lat' dir='ltr'><strong>expromam</strong></span> <span class='ocrx_word' id='word_1_126' title='bbox 1283 1187 1353 1227; x_wconf 90' lang='lat' dir='ltr'><strong>tibi</strong></span> <span class='ocrx_word' id='word_1_127' title='bbox 1445 1204 1485 1236; x_wconf 79' lang='lat'><strong>70</strong></span> 
     </span>
     <span class='ocr_line' id='line_1_17' title="bbox 87 1250 1330 1305; baseline 0.002 -16"><span class='ocrx_word' id='word_1_128' title='bbox 87 1252 150 1290; x_wconf 91' lang='lat' dir='ltr'><strong>uel</strong></span> <span class='ocrx_word' id='word_1_129' title='bbox 171 1250 396 1301; x_wconf 89' lang='lat' dir='ltr'><strong>primarium</strong></span> <span class='ocrx_word' id='word_1_130' title='bbox 418 1252 631 1302; x_wconf 82' lang='lat' dir='ltr'><strong>parasitum</strong></span> <span class='ocrx_word' id='word_1_131' title='bbox 654 1261 773 1304; x_wconf 89' lang='lat' dir='ltr'><strong>atque</strong></span> <span class='ocrx_word' id='word_1_132' title='bbox 794 1262 1073 1305; x_wconf 88' lang='lat' dir='ltr'><strong>opsonatorem</strong></span> <span class='ocrx_word' id='word_1_133' title='bbox 1095 1261 1330 1305; x_wconf 83' lang='lat' dir='ltr'><strong>optumum3</strong></span> 
     </span>
     <span class='ocr_line' id='line_1_18' title="bbox 87 1317 1419 1371; baseline 0.004 -17"><span class='ocrx_word' id='word_1_134' title='bbox 87 1323 170 1355; x_wconf 89' lang='lat' dir='ltr'><strong>tum</strong></span> <span class='ocrx_word' id='word_1_135' title='bbox 191 1317 242 1355; x_wconf 89' lang='lat' dir='ltr'><strong>ad</strong></span> <span class='ocrx_word' id='word_1_136' title='bbox 262 1318 485 1356; x_wconf 88' lang='lat' dir='ltr'><strong>saltandum</strong></span> <span class='ocrx_word' id='word_1_137' title='bbox 507 1331 588 1356; x_wconf 88' lang='lat' dir='ltr'><strong>non</strong></span> <span class='ocrx_word' id='word_1_138' title='bbox 609 1319 798 1358; x_wconf 85' lang='lat' dir='ltr'><strong>cinaedus</strong></span> <span class='ocrx_word' id='word_1_139' title='bbox 820 1321 993 1358; x_wconf 89' lang='lat' dir='ltr'><strong>malacus</strong></span> <span class='ocrx_word' id='word_1_140' title='bbox 1013 1328 1176 1370; x_wconf 87' lang='lat' dir='ltr'><strong>aequest</strong></span> <span class='ocrx_word' id='word_1_141' title='bbox 1196 1327 1315 1370; x_wconf 87' lang='lat' dir='ltr'><strong>atque</strong></span> <span class='ocrx_word' id='word_1_142' title='bbox 1336 1333 1419 1371; x_wconf 87' lang='lat' dir='ltr'><strong>ego.</strong></span> 
     </span>
     <span class='ocr_line' id='line_1_19' title="bbox 88 1381 1261 1436; baseline 0.003 -16"><span class='ocrx_word' id='word_1_143' title='bbox 88 1383 157 1420; x_wconf 86' lang='lat' dir='ltr'><strong>PA.</strong></span> <span class='ocrx_word' id='word_1_144' title='bbox 189 1381 286 1432; x_wconf 90' lang='lat' dir='ltr'><strong>quid</strong></span> <span class='ocrx_word' id='word_1_145' title='bbox 305 1382 356 1420; x_wconf 91' lang='lat' dir='ltr'><strong>ad</strong></span> <span class='ocrx_word' id='word_1_146' title='bbox 377 1381 461 1421; x_wconf 88' lang='lat' dir='ltr'><strong>illas</strong></span> <span class='ocrx_word' id='word_1_147' title='bbox 481 1383 573 1422; x_wconf 89' lang='lat' dir='ltr'><strong>artis</strong></span> <span class='ocrx_word' id='word_1_148' title='bbox 595 1384 774 1434; x_wconf 84' lang='lat' dir='ltr'><strong>optassis‚</strong></span> <span class='ocrx_word' id='word_1_149' title='bbox 797 1385 827 1423; x_wconf 92' lang='lat' dir='ltr'><strong>si</strong></span> <span class='ocrx_word' id='word_1_150' title='bbox 850 1385 960 1436; x_wconf 91' lang='lat' dir='ltr'><strong>optio</strong></span> <span class='ocrx_word' id='word_1_151' title='bbox 980 1385 1137 1424; x_wconf 88' lang='lat' dir='ltr'><strong>eueniat</strong></span> <span class='ocrx_word' id='word_1_152' title='bbox 1157 1385 1261 1424; x_wconf 88' lang='lat' dir='ltr'><strong>tibi?</strong></span> 
     </span>
     <span class='ocr_line' id='line_1_20' title="bbox 1 1447 1232 1502; baseline 0.005 -18"><span class='ocrx_word' id='word_1_153' title='bbox 1 1447 70 1490; x_wconf 90' lang='grc'><strong>670</strong></span> <span class='ocrx_word' id='word_1_154' title='bbox 88 1449 156 1485; x_wconf 79' lang='lat' dir='ltr'><strong>PL.</strong></span> <span class='ocrx_word' id='word_1_155' title='bbox 185 1447 300 1486; x_wconf 88' lang='lat' dir='ltr'><strong>huius</strong></span> <span class='ocrx_word' id='word_1_156' title='bbox 321 1461 392 1498; x_wconf 93' lang='lat' dir='ltr'><strong>pro</strong></span> <span class='ocrx_word' id='word_1_157' title='bbox 414 1448 560 1487; x_wconf 90' lang='lat' dir='ltr'><strong>meritis</strong></span> <span class='ocrx_word' id='word_1_158' title='bbox 583 1457 624 1487; x_wconf 88' lang='lat' dir='ltr'><strong>ut</strong></span> <span class='ocrx_word' id='word_1_159' title='bbox 645 1450 775 1488; x_wconf 88' lang='lat' dir='ltr'><strong>referri</strong></span> <span class='ocrx_word' id='word_1_160' title='bbox 795 1450 938 1500; x_wconf 86' lang='lat' dir='ltr'><strong>pariter</strong></span> <span class='ocrx_word' id='word_1_161' title='bbox 958 1451 1081 1501; x_wconf 86' lang='lat' dir='ltr'><strong>possit</strong></span> <span class='ocrx_word' id='word_1_162' title='bbox 1101 1450 1232 1502; x_wconf 85' lang='lat' dir='ltr'><strong>gratia,</strong></span> 
     </span>
     <span class='ocr_line' id='line_1_21' title="bbox 88 1513 1480 1567; baseline 0.002 -15"><span class='ocrx_word' id='word_1_163' title='bbox 88 1513 249 1564; x_wconf 90' lang='lat' dir='ltr'><strong>tibique,</strong></span> <span class='ocrx_word' id='word_1_164' title='bbox 273 1514 409 1565; x_wconf 89' lang='lat' dir='ltr'><strong>quibu&#39;</strong></span> <span class='ocrx_word' id='word_1_165' title='bbox 429 1528 536 1554; x_wconf 85' lang='lat' dir='ltr'><strong>nunc</strong></span> <span class='ocrx_word' id='word_1_166' title='bbox 558 1529 621 1554; x_wconf 89' lang='lat' dir='ltr'><strong>me</strong></span> <span class='ocrx_word' id='word_1_167' title='bbox 643 1529 728 1555; x_wconf 85' lang='lat' dir='ltr'><strong>esse</strong></span> <span class='ocrx_word' id='word_1_168' title='bbox 749 1516 926 1567; x_wconf 82' lang='lat' dir='ltr'><strong>experior</strong></span> <span class='ocrx_word' id='word_1_169' title='bbox 952 1530 1130 1556; x_wconf 88' lang='lat' dir='ltr'><strong>summae</strong></span> <span class='ocrx_word' id='word_1_170' title='bbox 1151 1517 1420 1556; x_wconf 89' lang='lat' dir='ltr'><strong>sollicitudini.</strong></span> <span class='ocrx_word' id='word_1_171' title='bbox 1442 1530 1480 1564; x_wconf 83' lang='lat'><strong>75</strong></span> 
     </span>
     <span class='ocr_line' id='line_1_22' title="bbox 88 1579 1417 1632; baseline 0.002 -14"><span class='ocrx_word' id='word_1_172' title='bbox 88 1587 127 1618; x_wconf 90' lang='lat' dir='ltr'><strong>at</strong></span> <span class='ocrx_word' id='word_1_173' title='bbox 147 1579 218 1619; x_wconf 89' lang='lat' dir='ltr'><strong>tibi</strong></span> <span class='ocrx_word' id='word_1_174' title='bbox 238 1587 348 1619; x_wconf 87' lang='lat' dir='ltr'><strong>tanto</strong></span> <span class='ocrx_word' id='word_1_175' title='bbox 368 1580 543 1632; x_wconf 90' lang='lat' dir='ltr'><strong>sumptui</strong></span> <span class='ocrx_word' id='word_1_176' title='bbox 565 1595 651 1620; x_wconf 86' lang='lat' dir='ltr'><strong>esse</strong></span> <span class='ocrx_word' id='word_1_177' title='bbox 673 1582 769 1620; x_wconf 91' lang='lat' dir='ltr'><strong>mihi</strong></span> <span class='ocrx_word' id='word_1_178' title='bbox 791 1584 1050 1621; x_wconf 88' lang='lat' dir='ltr'><strong>molestumst.</strong></span> <span class='ocrx_word' id='word_1_179' title='bbox 1110 1585 1178 1621; x_wconf 80' lang='lat' dir='ltr'><strong>PE.</strong></span> <span class='ocrx_word' id='word_1_180' title='bbox 1212 1596 1344 1621; x_wconf 85' lang='lat' dir='ltr'><strong>morus</strong></span> <span class='ocrx_word' id='word_1_181' title='bbox 1366 1597 1417 1622; x_wconf 90' lang='lat' dir='ltr'><strong>es.</strong></span> 
     </span>
     <span class='ocr_line' id='line_1_23' title="bbox 88 1645 1419 1699; baseline 0.002 -15"><span class='ocrx_word' id='word_1_182' title='bbox 88 1645 233 1684; x_wconf 88' lang='lat' dir='ltr'><strong>namin</strong></span> <span class='ocrx_word' id='word_1_183' title='bbox 251 1647 353 1685; x_wconf 89' lang='lat' dir='ltr'><strong>mala</strong></span> <span class='ocrx_word' id='word_1_184' title='bbox 369 1660 488 1685; x_wconf 87' lang='lat' dir='ltr'><strong>uxore</strong></span> <span class='ocrx_word' id='word_1_185' title='bbox 509 1654 628 1697; x_wconf 85' lang='lat' dir='ltr'><strong>atque</strong></span> <span class='ocrx_word' id='word_1_186' title='bbox 650 1647 812 1687; x_wconf 89' lang='lat' dir='ltr'><strong>inimico</strong></span> <span class='ocrx_word' id='word_1_187' title='bbox 833 1648 863 1686; x_wconf 87' lang='lat' dir='ltr'><strong>si</strong></span> <span class='ocrx_word' id='word_1_188' title='bbox 881 1648 977 1698; x_wconf 88' lang='lat' dir='ltr'><strong>quid</strong></span> <span class='ocrx_word' id='word_1_189' title='bbox 994 1662 1136 1696; x_wconf 83' lang='lat' dir='ltr'><strong>sumas,</strong></span> <span class='ocrx_word' id='word_1_190' title='bbox 1156 1656 1336 1699; x_wconf 87' lang='lat' dir='ltr'><strong>sumptus</strong></span> <span class='ocrx_word' id='word_1_191' title='bbox 1351 1657 1419 1697; x_wconf 85' lang='lat' dir='ltr'><strong>est,</strong></span> 
     </span>
     <span class='ocr_line' id='line_1_24' title="bbox 88 1709 1349 1764; baseline 0.002 -15"><span class='ocrx_word' id='word_1_192' title='bbox 88 1709 128 1750; x_wconf 90' lang='lat' dir='ltr'><strong>in</strong></span> <span class='ocrx_word' id='word_1_193' title='bbox 149 1711 257 1750; x_wconf 92' lang='lat' dir='ltr'><strong>bono</strong></span> <span class='ocrx_word' id='word_1_194' title='bbox 278 1711 433 1762; x_wconf 89' lang='lat' dir='ltr'><strong>hospite</strong></span> <span class='ocrx_word' id='word_1_195' title='bbox 453 1719 572 1762; x_wconf 90' lang='lat' dir='ltr'><strong>atque</strong></span> <span class='ocrx_word' id='word_1_196' title='bbox 593 1712 723 1752; x_wconf 90' lang='lat' dir='ltr'><strong>amico</strong></span> <span class='ocrx_word' id='word_1_197' title='bbox 744 1721 930 1764; x_wconf 87' lang='lat' dir='ltr'><strong>quaestus</strong></span> <span class='ocrx_word' id='word_1_198' title='bbox 952 1721 1010 1753; x_wconf 89' lang='lat' dir='ltr'><strong>est</strong></span> <span class='ocrx_word' id='word_1_199' title='bbox 1031 1715 1139 1764; x_wconf 89' lang='lat' dir='ltr'><strong>quod</strong></span> <span class='ocrx_word' id='word_1_200' title='bbox 1161 1713 1349 1752; x_wconf 87' lang='lat' dir='ltr'><strong>sumitur:</strong></span> 
     </span>
    </p>
   </div>
   <div class='ocr_carea' id='block_1_3' title="bbox 89 1816 1426 2518">
    <p class='ocr_par' dir='ltr' id='par_1_3' title="bbox 89 1816 1426 2518">
     <span class='ocr_line' id='line_1_25' title="bbox 131 1816 1426 1859; baseline 0.001 -12"><span class='ocrx_word' id='word_1_201' title='bbox 131 1817 196 1855; x_wconf 86' lang='lat'><strong>653</strong></span> <span class='ocrx_word' id='word_1_202' title='bbox 220 1816 376 1857; x_wconf 86' lang='lat' dir='ltr'><strong>copulum</strong></span> <span class='ocrx_word' id='word_1_203' title='bbox 400 1816 464 1849; x_wconf 85' lang='lat' dir='ltr'><strong>cod.</strong></span> <span class='ocrx_word' id='word_1_204' title='bbox 487 1816 581 1856; x_wconf 83' lang='lat' dir='ltr'><strong>(corr.</strong></span> <span class='ocrx_word' id='word_1_205' title='bbox 601 1816 664 1857; x_wconf 50' lang='grc' dir='ltr'><strong>ΒΕ)</strong></span> <span class='ocrx_word' id='word_1_206' title='bbox 684 1817 732 1858; x_wconf 90' lang='lat' dir='ltr'><strong>(ii.</strong></span> <span class='ocrx_word' id='word_1_207' title='bbox 755 1818 790 1859; x_wconf 84' lang='lat'><strong>7)</strong></span> <span class='ocrx_word' id='word_1_208' title='bbox 925 1819 988 1857; x_wconf 85' lang='lat'><strong>654</strong></span> <span class='ocrx_word' id='word_1_209' title='bbox 1012 1827 1084 1848; x_wconf 86' lang='lat' dir='ltr'><strong>mea</strong></span> <span class='ocrx_word' id='word_1_210' title='bbox 1101 1817 1166 1848; x_wconf 89' lang='lat' dir='ltr'><strong>cod.</strong></span> <span class='ocrx_word' id='word_1_211' title='bbox 1260 1818 1293 1848; x_wconf 87' lang='lat' dir='ltr'><strong>in</strong></span> <span class='ocrx_word' id='word_1_212' title='bbox 1311 1828 1376 1848; x_wconf 84' lang='lat' dir='ltr'><strong>om.</strong></span> <span class='ocrx_word' id='word_1_213' title='bbox 1394 1818 1426 1848; x_wconf 88' lang='lat' dir='ltr'><em>B</em></span> 
     </span>
     <span class='ocr_line' id='line_1_26' title="bbox 89 1859 1423 1901; baseline 0.001 -10"><span class='ocrx_word' id='word_1_214' title='bbox 89 1859 154 1900; x_wconf 86' lang='lat'><strong>655</strong></span> <span class='ocrx_word' id='word_1_215' title='bbox 178 1860 316 1892; x_wconf 85' lang='lat' dir='ltr'><strong>odiosus</strong></span> <span class='ocrx_word' id='word_1_216' title='bbox 332 1865 384 1892; x_wconf 86' lang='lat' dir='ltr'><strong>est</strong></span> <span class='ocrx_word' id='word_1_217' title='bbox 402 1860 434 1891; x_wconf 89' lang='grc' dir='ltr'><em>Β</em></span> <span class='ocrx_word' id='word_1_218' title='bbox 490 1861 572 1900; x_wconf 84' lang='lat' dir='ltr'><strong>sort.</strong></span> <span class='ocrx_word' id='word_1_219' title='bbox 596 1861 674 1892; x_wconf 85' lang='lat' dir='ltr'><strong>ibist</strong></span> <span class='ocrx_word' id='word_1_220' title='bbox 689 1871 719 1894; x_wconf 92' lang='grc' dir='ltr'><strong>ο.</strong></span> <span class='ocrx_word' id='word_1_221' title='bbox 835 1862 900 1901; x_wconf 90' lang='grc'><strong>656</strong></span> <span class='ocrx_word' id='word_1_222' title='bbox 922 1872 1072 1893; x_wconf 86' lang='lat' dir='ltr'><strong>amoram</strong></span> <span class='ocrx_word' id='word_1_223' title='bbox 1094 1861 1314 1892; x_wconf 88' lang='lat' dir='ltr'><strong>amonitatem</strong></span> <span class='ocrx_word' id='word_1_224' title='bbox 1335 1872 1423 1901; x_wconf 89' lang='lat' dir='ltr'><strong>quae</strong></span> 
     </span>
     <span class='ocr_line' id='line_1_27' title="bbox 89 1903 1422 1946; baseline 0.002 -12"><span class='ocrx_word' id='word_1_225' title='bbox 89 1903 232 1935; x_wconf 86' lang='lat' dir='ltr'><strong>accubas</strong></span> <span class='ocrx_word' id='word_1_226' title='bbox 248 1904 312 1936; x_wconf 83' lang='lat' dir='ltr'><em>cod.</em></span> <span class='ocrx_word' id='word_1_227' title='bbox 335 1905 431 1946; x_wconf 76' lang='lat' dir='ltr'><strong>(corr.</strong></span> <span class='ocrx_word' id='word_1_228' title='bbox 450 1904 513 1943; x_wconf 75' lang='lat'><strong>132)</strong></span> <span class='ocrx_word' id='word_1_229' title='bbox 629 1907 691 1945; x_wconf 88' lang='lat'><strong>657</strong></span> <span class='ocrx_word' id='word_1_230' title='bbox 717 1905 768 1936; x_wconf 82' lang='lat' dir='ltr'><strong>vel</strong></span> <span class='ocrx_word' id='word_1_231' title='bbox 774 1905 877 1937; x_wconf 77' lang='lat' dir='ltr'><strong>moris</strong></span> <span class='ocrx_word' id='word_1_232' title='bbox 964 1910 1143 1936; x_wconf 84' lang='lat' dir='ltr'><strong>uenustate</strong></span> <span class='ocrx_word' id='word_1_233' title='bbox 1161 1905 1238 1935; x_wconf 80' lang='lat' dir='ltr'><strong>PCD</strong></span> <span class='ocrx_word' id='word_1_234' title='bbox 1324 1911 1422 1936; x_wconf 84' lang='lat' dir='ltr'><strong>uacet</strong></span> 
     </span>
     <span class='ocr_line' id='line_1_28' title="bbox 90 1946 1422 1990; baseline 0.002 -12"><span class='ocrx_word' id='word_1_235' title='bbox 90 1947 137 1978; x_wconf 89' lang='lat' dir='ltr'><strong>B:</strong></span> <span class='ocrx_word' id='word_1_236' title='bbox 163 1948 258 1987; x_wconf 84' lang='lat' dir='ltr'><strong>uiges</strong></span> <span class='ocrx_word' id='word_1_237' title='bbox 275 1946 327 1979; x_wconf 85' lang='lat' dir='ltr'><strong>D²</strong></span> <span class='ocrx_word' id='word_1_238' title='bbox 395 1948 475 1988; x_wconf 60' lang='lat' dir='ltr'><strong>fart.</strong></span> <span class='ocrx_word' id='word_1_239' title='bbox 497 1954 573 1980; x_wconf 87' lang='lat' dir='ltr'><strong>tuus</strong></span> <span class='ocrx_word' id='word_1_240' title='bbox 591 1974 597 1981; x_wconf 95' lang='lat'>.</span> <span class='ocrx_word' id='word_1_241' title='bbox 619 1974 626 1981; x_wconf 93' lang='lat'>.</span> <span class='ocrx_word' id='word_1_242' title='bbox 645 1975 651 1981; x_wconf 95' lang='lat'><em>.</em></span> <span class='ocrx_word' id='word_1_243' title='bbox 671 1950 774 1980; x_wconf 89' lang='lat' dir='ltr'><strong>moris</strong></span> <span class='ocrx_word' id='word_1_244' title='bbox 794 1956 901 1989; x_wconf 52' lang='lat' dir='ltr'><strong>(nom.</strong></span> <span class='ocrx_word' id='word_1_245' title='bbox 915 1950 1017 1990; x_wconf 66' lang='lat' dir='ltr'><strong>sing.)</strong></span> <span class='ocrx_word' id='word_1_246' title='bbox 1038 1974 1044 1981; x_wconf 91' lang='lat'><strong><em>.</em></strong></span> <span class='ocrx_word' id='word_1_247' title='bbox 1061 1974 1067 1981; x_wconf 94' lang='lat'>.</span> <span class='ocrx_word' id='word_1_248' title='bbox 1083 1974 1090 1981; x_wconf 84' lang='lat'><strong>.</strong></span> <span class='ocrx_word' id='word_1_249' title='bbox 1104 1950 1197 1988; x_wconf 86' lang='lat' dir='ltr'><strong>uiget</strong></span> <span class='ocrx_word' id='word_1_250' title='bbox 1216 1949 1286 1989; x_wconf 78' lang='lat' dir='ltr'><strong>(vix</strong></span> <span class='ocrx_word' id='word_1_251' title='bbox 1303 1949 1397 1990; x_wconf 80' lang='lat' dir='ltr'><strong>facit)</strong></span> <span class='ocrx_word' id='word_1_252' title='bbox 1416 1961 1422 1980; x_wconf 91' lang='lat'>:</span> 
     </span>
     <span class='ocr_line' id='line_1_29' title="bbox 90 1991 1421 2033; baseline 0.001 -11"><span class='ocrx_word' id='word_1_253' title='bbox 90 1991 138 2022; x_wconf 88' lang='lat' dir='ltr'><strong>tui</strong></span> <span class='ocrx_word' id='word_1_254' title='bbox 157 1991 398 2032; x_wconf 48' lang='lat' dir='ltr'><strong>(Camerarinsi</strong></span> <span class='ocrx_word' id='word_1_255' title='bbox 417 2017 424 2024; x_wconf 85' lang='lat'><strong>.</strong></span> <span class='ocrx_word' id='word_1_256' title='bbox 445 2017 452 2024; x_wconf 90' lang='lat'><strong>.</strong></span> <span class='ocrx_word' id='word_1_257' title='bbox 472 2016 479 2024; x_wconf 85' lang='lat'>.</span> <span class='ocrx_word' id='word_1_258' title='bbox 501 1993 619 2031; x_wconf 83' lang='lat' dir='ltr'><strong>uigent</strong></span> <span class='ocrx_word' id='word_1_259' title='bbox 635 1993 771 2025; x_wconf 85' lang='lat' dir='ltr'><strong>Ribbeck</strong></span> <span class='ocrx_word' id='word_1_260' title='bbox 922 1995 986 2033; x_wconf 89' lang='grc'><strong>658</strong></span> <span class='ocrx_word' id='word_1_261' title='bbox 1013 1999 1132 2024; x_wconf 87' lang='lat' dir='ltr'><strong>contra</strong></span> <span class='ocrx_word' id='word_1_262' title='bbox 1152 2003 1224 2024; x_wconf 84' lang='lat' dir='ltr'><strong>curn</strong></span> <span class='ocrx_word' id='word_1_263' title='bbox 1244 1992 1314 2023; x_wconf 72' lang='lat'><strong>32:</strong></span> <span class='ocrx_word' id='word_1_264' title='bbox 1341 2004 1421 2024; x_wconf 89' lang='lat' dir='ltr'><strong>con-</strong></span> 
     </span>
     <span class='ocr_line' id='line_1_30' title="bbox 90 2036 1421 2079; baseline 0.001 -13"><span class='ocrx_word' id='word_1_265' title='bbox 90 2039 248 2066; x_wconf 85' lang='lat' dir='ltr'><strong>tramtum</strong></span> <span class='ocrx_word' id='word_1_266' title='bbox 268 2036 332 2067; x_wconf 87' lang='lat' dir='ltr'><strong>cod.</strong></span> <span class='ocrx_word' id='word_1_267' title='bbox 356 2038 385 2076; x_wconf 72' lang='lat' dir='ltr'><strong>(t</strong></span> <span class='ocrx_word' id='word_1_268' title='bbox 401 2041 463 2076; x_wconf 76' lang='lat' dir='ltr'><strong>pro</strong></span> <span class='ocrx_word' id='word_1_269' title='bbox 486 2037 518 2075; x_wconf 77' lang='grc' dir='ltr'><strong>ς)</strong></span> <span class='ocrx_word' id='word_1_270' title='bbox 651 2039 716 2068; x_wconf 93' lang='lat'><strong>660</strong></span> <span class='ocrx_word' id='word_1_271' title='bbox 741 2048 803 2069; x_wconf 90' lang='lat' dir='ltr'><strong>nec</strong></span> <span class='ocrx_word' id='word_1_272' title='bbox 825 2037 963 2079; x_wconf 81' lang='lat' dir='ltr'><strong>[magis]</strong></span> <span class='ocrx_word' id='word_1_273' title='bbox 989 2038 1070 2077; x_wconf 85' lang='lat' dir='ltr'><strong>quid</strong></span> <span class='ocrx_word' id='word_1_274' title='bbox 1096 2038 1189 2078; x_wconf 78' lang='lat' dir='ltr'><strong>(corr.</strong></span> <span class='ocrx_word' id='word_1_275' title='bbox 1208 2036 1272 2075; x_wconf 73' lang='lat'><strong>32)</strong></span> <span class='ocrx_word' id='word_1_276' title='bbox 1294 2038 1421 2068; x_wconf 85' lang='lat' dir='ltr'><strong>amicus</strong></span> 
     </span>
     <span class='ocr_line' id='line_1_31' title="bbox 89 2079 1421 2121; baseline 0.001 -11"><span class='ocrx_word' id='word_1_277' title='bbox 89 2079 212 2110; x_wconf 84' lang='lat' dir='ltr'><strong>amicos</strong></span> <span class='ocrx_word' id='word_1_278' title='bbox 235 2079 302 2110; x_wconf 84' lang='lat' dir='ltr'><strong>sint</strong></span> <span class='ocrx_word' id='word_1_279' title='bbox 329 2082 421 2120; x_wconf 77' lang='lat' dir='ltr'><strong>(corr.</strong></span> <span class='ocrx_word' id='word_1_280' title='bbox 448 2080 509 2120; x_wconf 45' lang='grc' dir='ltr'><strong>ΒΞ)</strong></span> <span class='ocrx_word' id='word_1_281' title='bbox 535 2081 642 2120; x_wconf 79' lang='lat' dir='ltr'><strong>magiS</strong></span> <span class='ocrx_word' id='word_1_282' title='bbox 658 2081 724 2112; x_wconf 86' lang='lat' dir='ltr'><strong>cod.</strong></span> <span class='ocrx_word' id='word_1_283' title='bbox 746 2082 794 2121; x_wconf 83' lang='lat' dir='ltr'><strong>(ii.</strong></span> <span class='ocrx_word' id='word_1_284' title='bbox 813 2084 869 2119; x_wconf 76' lang='lat'><strong>2):</strong></span> <span class='ocrx_word' id='word_1_285' title='bbox 895 2092 973 2112; x_wconf 79' lang='lat' dir='ltr'><strong>corr.</strong></span> <span class='ocrx_word' id='word_1_286' title='bbox 996 2081 1069 2112; x_wconf 79' lang='lat' dir='ltr'><strong>Ital.</strong></span> <span class='ocrx_word' id='word_1_287' title='bbox 1205 2082 1266 2111; x_wconf 90' lang='lat'><strong>661</strong></span> <span class='ocrx_word' id='word_1_288' title='bbox 1294 2081 1421 2112; x_wconf 83' lang='lat' dir='ltr'><strong>fateare</strong></span> 
     </span>
     <span class='ocr_line' id='line_1_32' title="bbox 89 2121 1421 2165; baseline 0.002 -13"><span class='ocrx_word' id='word_1_289' title='bbox 89 2121 183 2155; x_wconf 80' lang='lat' dir='ltr'><strong>ItaL:</strong></span> <span class='ocrx_word' id='word_1_290' title='bbox 216 2123 324 2154; x_wconf 84' lang='lat' dir='ltr'><strong>fatear</strong></span> <span class='ocrx_word' id='word_1_291' title='bbox 351 2129 384 2154; x_wconf 86' lang='lat' dir='ltr'><strong>et</strong></span> <span class='ocrx_word' id='word_1_292' title='bbox 409 2124 475 2155; x_wconf 81' lang='lat' dir='ltr'><em>cod.</em></span> <span class='ocrx_word' id='word_1_293' title='bbox 577 2125 796 2156; x_wconf 84' lang='lat' dir='ltr'><strong>adulescente</strong></span> <span class='ocrx_word' id='word_1_294' title='bbox 822 2125 887 2156; x_wconf 86' lang='lat' dir='ltr'><strong>cod.</strong></span> <span class='ocrx_word' id='word_1_295' title='bbox 918 2126 1010 2165; x_wconf 76' lang='lat' dir='ltr'><strong>(corr.</strong></span> <span class='ocrx_word' id='word_1_296' title='bbox 1040 2125 1100 2165; x_wconf 63' lang='lat'><strong>13³)</strong></span> <span class='ocrx_word' id='word_1_297' title='bbox 1246 2126 1310 2155; x_wconf 82' lang='lat'><strong>662</strong></span> <span class='ocrx_word' id='word_1_298' title='bbox 1335 2126 1421 2155; x_wconf 88' lang='lat' dir='ltr'><strong>bona</strong></span> 
     </span>
     <span class='ocr_line' id='line_1_33' title="bbox 91 2166 1418 2207; baseline 0.002 -10"><span class='ocrx_word' id='word_1_299' title='bbox 91 2166 185 2198; x_wconf 88' lang='lat' dir='ltr'><strong>sactis</strong></span> <span class='ocrx_word' id='word_1_300' title='bbox 203 2167 268 2198; x_wconf 84' lang='lat' dir='ltr'><strong>cod.</strong></span> <span class='ocrx_word' id='word_1_301' title='bbox 403 2168 468 2206; x_wconf 87' lang='lat'><strong>663</strong></span> <span class='ocrx_word' id='word_1_302' title='bbox 493 2168 555 2198; x_wconf 82' lang='lat' dir='ltr'><strong>tris</strong></span> <span class='ocrx_word' id='word_1_303' title='bbox 572 2168 756 2200; x_wconf 80' lang='lat' dir='ltr'><strong>furacundo</strong></span> <span class='ocrx_word' id='word_1_304' title='bbox 774 2169 839 2200; x_wconf 86' lang='lat' dir='ltr'><strong>cod.</strong></span> <span class='ocrx_word' id='word_1_305' title='bbox 861 2181 866 2202; x_wconf 56' lang='grc' dir='ltr'><strong>ιΔ</strong></span> <span class='ocrx_word' id='word_1_306' title='bbox 878 2179 953 2199; x_wconf 83' lang='lat' dir='ltr'><strong>corr.</strong></span> <span class='ocrx_word' id='word_1_307' title='bbox 968 2168 1033 2207; x_wconf 57' lang='lat' dir='ltr'><strong>DJ)</strong></span> <span class='ocrx_word' id='word_1_308' title='bbox 1169 2170 1233 2207; x_wconf 88' lang='lat'><strong>664</strong></span> <span class='ocrx_word' id='word_1_309' title='bbox 1258 2168 1340 2199; x_wconf 86' lang='lat' dir='ltr'><strong>dicis</strong></span> <span class='ocrx_word' id='word_1_310' title='bbox 1355 2169 1418 2200; x_wconf 84' lang='lat' dir='ltr'><strong>cod.</strong></span> 
     </span>
     <span class='ocr_line' id='line_1_34' title="bbox 91 2211 1419 2252; baseline 0.002 -12"><span class='ocrx_word' id='word_1_311' title='bbox 91 2211 163 2251; x_wconf 84' lang='lat' dir='ltr'><strong>(pro</strong></span> <span class='ocrx_word' id='word_1_312' title='bbox 183 2213 257 2243; x_wconf 72' lang='lat' dir='ltr'><strong>-es?</strong></span> <span class='ocrx_word' id='word_1_313' title='bbox 285 2211 304 2242; x_wconf 89' lang='lat' dir='ltr'><strong>i.</strong></span> <span class='ocrx_word' id='word_1_314' title='bbox 336 2211 372 2251; x_wconf 89' lang='grc'><strong>3)</strong></span> <span class='ocrx_word' id='word_1_315' title='bbox 514 2213 580 2242; x_wconf 90' lang='grc'><strong>666</strong></span> <span class='ocrx_word' id='word_1_316' title='bbox 604 2213 798 2243; x_wconf 86' lang='lat' dir='ltr'><strong>conuiuium</strong></span> <span class='ocrx_word' id='word_1_317' title='bbox 825 2213 903 2243; x_wconf 87' lang='lat' dir='ltr'><strong>hinc</strong></span> <span class='ocrx_word' id='word_1_318' title='bbox 930 2213 1076 2243; x_wconf 88' lang='lat' dir='ltr'><strong>indidam</strong></span> <span class='ocrx_word' id='word_1_319' title='bbox 1106 2212 1172 2244; x_wconf 87' lang='lat' dir='ltr'><strong>cod.</strong></span> <span class='ocrx_word' id='word_1_320' title='bbox 1194 2225 1200 2243; x_wconf 89' lang='lat'><strong>:</strong></span> <span class='ocrx_word' id='word_1_321' title='bbox 1227 2223 1304 2244; x_wconf 71' lang='lat' dir='ltr'><strong>corr.</strong></span> <span class='ocrx_word' id='word_1_322' title='bbox 1332 2212 1419 2252; x_wconf 62' lang='lat' dir='ltr'><strong>Ital„</strong></span> 
     </span>
     <span class='ocr_line' id='line_1_35' title="bbox 92 2253 1422 2296; baseline 0.002 -12"><span class='ocrx_word' id='word_1_323' title='bbox 92 2253 303 2286; x_wconf 80' lang='lat' dir='ltr'><strong>Camerarius</strong></span> <span class='ocrx_word' id='word_1_324' title='bbox 413 2256 478 2286; x_wconf 91' lang='lat'><strong>668</strong></span> <span class='ocrx_word' id='word_1_325' title='bbox 501 2256 689 2286; x_wconf 82' lang='lat' dir='ltr'><strong>saltandum</strong></span> <span class='ocrx_word' id='word_1_326' title='bbox 709 2255 888 2295; x_wconf 74' lang='lat' dir='ltr'><strong>Nonius5÷</strong></span> <span class='ocrx_word' id='word_1_327' title='bbox 913 2257 1123 2287; x_wconf 84' lang='lat' dir='ltr'><strong>salutandum</strong></span> <span class='ocrx_word' id='word_1_328' title='bbox 1136 2256 1200 2287; x_wconf 84' lang='lat' dir='ltr'><strong>cod.</strong></span> <span class='ocrx_word' id='word_1_329' title='bbox 1294 2261 1422 2296; x_wconf 86' lang='lat' dir='ltr'><strong>antque</strong></span> 
     </span>
     <span class='ocr_line' id='line_1_36' title="bbox 90 2297 1419 2340; baseline 0.002 -12"><span class='ocrx_word' id='word_1_330' title='bbox 90 2297 156 2330; x_wconf 88' lang='lat' dir='ltr'><strong>cod.</strong></span> <span class='ocrx_word' id='word_1_331' title='bbox 179 2298 274 2340; x_wconf 85' lang='lat' dir='ltr'><strong>(corr.</strong></span> <span class='ocrx_word' id='word_1_332' title='bbox 294 2298 357 2339; x_wconf 46' lang='grc' dir='ltr'><strong>ΒΖ)</strong></span> <span class='ocrx_word' id='word_1_333' title='bbox 493 2300 557 2339; x_wconf 88' lang='grc'><strong>669</strong></span> <span class='ocrx_word' id='word_1_334' title='bbox 580 2300 635 2339; x_wconf 87' lang='lat' dir='ltr'><strong>qui</strong></span> <span class='ocrx_word' id='word_1_335' title='bbox 653 2300 686 2330; x_wconf 87' lang='grc' dir='ltr'><em>Β</em></span> <span class='ocrx_word' id='word_1_336' title='bbox 745 2305 779 2330; x_wconf 86' lang='lat' dir='ltr'><strong>at</strong></span> <span class='ocrx_word' id='word_1_337' title='bbox 797 2299 885 2331; x_wconf 81' lang='lat' dir='ltr'><strong>tillas</strong></span> <span class='ocrx_word' id='word_1_338' title='bbox 902 2300 966 2331; x_wconf 86' lang='lat' dir='ltr'><strong>cod.</strong></span> <span class='ocrx_word' id='word_1_339' title='bbox 988 2302 1071 2340; x_wconf 79' lang='lat' dir='ltr'><strong>&lt;pro</strong></span> <span class='ocrx_word' id='word_1_340' title='bbox 1087 2307 1121 2331; x_wconf 84' lang='lat' dir='ltr'><strong>at</strong></span> <span class='ocrx_word' id='word_1_341' title='bbox 1139 2300 1221 2337; x_wconf 83' lang='lat' dir='ltr'><strong>illas,</strong></span> <span class='ocrx_word' id='word_1_342' title='bbox 1242 2300 1260 2331; x_wconf 79' lang='lat' dir='ltr'><strong>i.</strong></span> <span class='ocrx_word' id='word_1_343' title='bbox 1277 2311 1299 2331; x_wconf 84' lang='lat' dir='ltr'><strong>e.</strong></span> <span class='ocrx_word' id='word_1_344' title='bbox 1321 2301 1362 2331; x_wconf 82' lang='lat' dir='ltr'><strong>ad</strong></span> <span class='ocrx_word' id='word_1_345' title='bbox 1386 2301 1419 2339; x_wconf 77' lang='lat' dir='ltr'><strong>i.)</strong></span> 
     </span>
     <span class='ocr_line' id='line_1_37' title="bbox 93 2341 1421 2384; baseline 0.002 -12"><span class='ocrx_word' id='word_1_346' title='bbox 93 2341 186 2377; x_wconf 80' lang='lat' dir='ltr'><strong>(corr.</strong></span> <span class='ocrx_word' id='word_1_347' title='bbox 201 2341 260 2383; x_wconf 48' lang='grc' dir='ltr'><strong>ΒΕ)</strong></span> <span class='ocrx_word' id='word_1_348' title='bbox 352 2342 471 2382; x_wconf 84' lang='lat' dir='ltr'><strong>optissi</strong></span> <span class='ocrx_word' id='word_1_349' title='bbox 488 2343 552 2375; x_wconf 85' lang='lat' dir='ltr'><strong>cod.</strong></span> <span class='ocrx_word' id='word_1_350' title='bbox 569 2344 712 2383; x_wconf 84' lang='lat' dir='ltr'><strong>(optassi</strong></span> <span class='ocrx_word' id='word_1_351' title='bbox 726 2343 788 2384; x_wconf 52' lang='grc' dir='ltr'><strong>ΒΞ)</strong></span> <span class='ocrx_word' id='word_1_352' title='bbox 805 2354 811 2373; x_wconf 79' lang='lat' dir='ltr'><em>z</em></span> <span class='ocrx_word' id='word_1_353' title='bbox 838 2354 915 2375; x_wconf 75' lang='lat' dir='ltr'><strong>corr.</strong></span> <span class='ocrx_word' id='word_1_354' title='bbox 934 2343 1145 2375; x_wconf 75' lang='lat' dir='ltr'><strong>Cameram&#39;us</strong></span> <span class='ocrx_word' id='word_1_355' title='bbox 1255 2345 1320 2384; x_wconf 88' lang='lat'><strong>670</strong></span> <span class='ocrx_word' id='word_1_356' title='bbox 1345 2345 1421 2374; x_wconf 83' lang='lat' dir='ltr'><strong>huic</strong></span> 
     </span>
     <span class='ocr_line' id='line_1_38' title="bbox 95 2384 1421 2427; baseline 0.001 -11"><span class='ocrx_word' id='word_1_357' title='bbox 95 2384 227 2417; x_wconf 79' lang='lat' dir='ltr'><strong>Guietus</strong></span> <span class='ocrx_word' id='word_1_358' title='bbox 315 2387 438 2417; x_wconf 87' lang='lat' dir='ltr'><strong>referet</strong></span> <span class='ocrx_word' id='word_1_359' title='bbox 455 2386 521 2418; x_wconf 86' lang='lat' dir='ltr'><strong>cod.</strong></span> <span class='ocrx_word' id='word_1_360' title='bbox 545 2388 636 2425; x_wconf 82' lang='lat' dir='ltr'><strong>(corr.</strong></span> <span class='ocrx_word' id='word_1_361' title='bbox 653 2387 714 2427; x_wconf 74' lang='lat'><strong>3³)</strong></span> <span class='ocrx_word' id='word_1_362' title='bbox 819 2389 879 2427; x_wconf 90' lang='lat'><strong>671</strong></span> <span class='ocrx_word' id='word_1_363' title='bbox 908 2392 1000 2417; x_wconf 85' lang='lat' dir='ltr'><strong>esset</strong></span> <span class='ocrx_word' id='word_1_364' title='bbox 1012 2389 1150 2427; x_wconf 82' lang='lat' dir='ltr'><strong>expe-rio</strong></span> <span class='ocrx_word' id='word_1_365' title='bbox 1169 2388 1233 2419; x_wconf 81' lang='lat' dir='ltr'><strong>cod.</strong></span> <span class='ocrx_word' id='word_1_366' title='bbox 1250 2392 1257 2411; x_wconf 77' lang='lat'><em>(</em></span> <span class='ocrx_word' id='word_1_367' title='bbox 1263 2399 1339 2419; x_wconf 82' lang='lat' dir='ltr'><strong>corr.</strong></span> <span class='ocrx_word' id='word_1_368' title='bbox 1357 2387 1421 2427; x_wconf 72' lang='lat'><strong>52)</strong></span> 
     </span>
     <span class='ocr_line' id='line_1_39' title="bbox 93 2429 1422 2471; baseline 0.002 -12"><span class='ocrx_word' id='word_1_369' title='bbox 93 2429 242 2468; x_wconf 86' lang='lat' dir='ltr'><strong>(—i0sor!.</strong></span> <span class='ocrx_word' id='word_1_370' title='bbox 264 2431 353 2470; x_wconf 82' lang='lat' dir='ltr'><strong>recle)</strong></span> <span class='ocrx_word' id='word_1_371' title='bbox 444 2431 508 2469; x_wconf 83' lang='lat'><strong>672</strong></span> <span class='ocrx_word' id='word_1_372' title='bbox 533 2430 586 2471; x_wconf 78' lang='lat' dir='ltr'><strong>es]</strong></span> <span class='ocrx_word' id='word_1_373' title='bbox 606 2436 658 2461; x_wconf 85' lang='lat' dir='ltr'><strong>est</strong></span> <span class='ocrx_word' id='word_1_374' title='bbox 675 2430 742 2462; x_wconf 89' lang='lat' dir='ltr'><strong>cod.</strong></span> <span class='ocrx_word' id='word_1_375' title='bbox 832 2433 896 2470; x_wconf 84' lang='lat'><strong>673</strong></span> <span class='ocrx_word' id='word_1_376' title='bbox 920 2441 1033 2462; x_wconf 83' lang='lat' dir='ltr'><strong>sumas</strong></span> <span class='ocrx_word' id='word_1_377' title='bbox 1053 2432 1265 2463; x_wconf 66' lang='lat' dir='ltr'><strong>Camerarius</strong></span> <span class='ocrx_word' id='word_1_378' title='bbox 1282 2445 1287 2463; x_wconf 90' lang='lat'>:</span> <span class='ocrx_word' id='word_1_379' title='bbox 1314 2436 1422 2463; x_wconf 84' lang='lat' dir='ltr'><strong>sumat</strong></span> 
     </span>
     <span class='ocr_line' id='line_1_40' title="bbox 93 2471 804 2518; baseline 0.004 -16"><span class='ocrx_word' id='word_1_380' title='bbox 93 2471 158 2507; x_wconf 81' lang='lat' dir='ltr'><strong>cod.</strong></span> <span class='ocrx_word' id='word_1_381' title='bbox 292 2475 354 2514; x_wconf 87' lang='lat'><strong>674</strong></span> <span class='ocrx_word' id='word_1_382' title='bbox 381 2479 524 2514; x_wconf 82' lang='lat' dir='ltr'><strong>quaetus</strong></span> <span class='ocrx_word' id='word_1_383' title='bbox 540 2474 606 2504; x_wconf 85' lang='lat' dir='ltr'><strong>cod.</strong></span> <span class='ocrx_word' id='word_1_384' title='bbox 626 2475 717 2515; x_wconf 80' lang='lat' dir='ltr'><strong>(corr.</strong></span> <span class='ocrx_word' id='word_1_385' title='bbox 738 2474 804 2518; x_wconf 71' lang='lat' dir='ltr'><strong>D2)</strong></span> 
     </span>
    </p>
   </div>
  </div>
 </body>
</html>
