1747 2740
196 144 244 182 V.
266 144 295 181 ii

207 269 246 292 10

204 661 240 693 15

201 986 242 1009 20

189 1460 235 1497 iii

686 146 732 183 T.
767 145 949 184 MACCI
983 145 1185 183 PLAVTI

318 264 415 306 quot
436 256 609 304 risiones,
632 264 730 307 quot
752 257 871 303 iocos,
895 265 992 307 quot
1013 256 1131 304 sauia,

317 321 553 367 saltationes,
578 321 799 368 blanditias,
824 321 1090 372 prothymias!

315 387 379 425 SA.
403 385 546 425 Stiche.
606 388 685 425 ST1.
710 387 827 425 hem!
885 388 949 425 SA.
973 387 1070 437 quid
1092 387 1164 425 fit?
1219 388 1300 426 ST1.
1324 389 1472 438 eugae!
1501 389 1594 426 San·
1613 389 1683 424 660

1173 452 1306 503 garine
1326 452 1591 504 lepidissume.

315 518 397 556 fero
417 517 630 556 conuiuam
656 517 878 568 Dionysum
901 517 1078 569 mihique
1100 525 1138 557 et
1160 517 1241 556 tibi.

316 597 487 633 namque
508 584 651 634 edepol
673 597 772 622 cena
792 591 906 622 cocta
927 592 996 631 est,
1020 585 1120 622 locu’
1141 583 1240 623 liber
1260 584 1392 623 datust

316 648 411 686 mihi
433 656 470 687 et
492 648 561 687 tibi
582 649 690 701 apud
711 662 783 687 uos
805 649 914 700 (nam
940 650 1047 699 apud
1069 662 1141 687 nos
1162 657 1220 687 est
1241 649 1483 697 conuiuium,

315 713 369 752 ibi
391 722 523 752 uoster
543 721 658 752 cenat
679 727 769 752 cum
792 727 912 753 uxore
933 715 1036 753 adeo
1057 721 1095 753 et
1117 714 1310 765 Antipho,

314 779 462 818 ibidem
485 792 572 817 erus
594 786 651 818 est
672 778 833 829 noster),
857 780 934 817 hoc
956 778 1053 816 mihi
1073 780 1183 817 dono
1204 780 1388 817 datumst.
1410 806 1417 811 -
1612 783 1680 828 665

316 845 380 882 SA.
413 843 500 894 quis
522 843 736 882 somniauit
756 845 926 882 aurum?
986 845 1065 883 ST1.
1099 843 1196 894 quid
1218 843 1258 883 id
1278 845 1329 882 ad
1350 851 1388 883 te
1407 844 1578 883 attinet?

315 909 427 960 proin
445 917 486 948 tu
501 911 631 948 lauare
648 923 824 960 propera.
885 911 950 949 SA.
983 910 1111 948 lautus
1128 922 1226 947 sum.
1279 910 1359 948 ST1.
1392 917 1565 960 optume,

315 988 478 1025 sequere
512 988 604 1025 ergo
636 976 710 1013 hac
744 988 806 1014 me
838 974 950 1022 intro,
981 972 1247 1027 (Sangarine.)
1302 974 1366 1013 SA.
1398 986 1471 1024 ego
1501 987 1595 1013 uero

1438 1051 1591 1090 sequor.

313 1106 392 1144 ST1.
425 1106 519 1144 uolo
540 1106 718 1144 eluamus
739 1105 870 1152 hodie,
894 1104 1097 1155 peregrina
1118 1104 1254 1143 omnia

311 1170 500 1220 relinque,
524 1172 702 1209 Athenas
724 1184 830 1209 nunc
851 1173 1039 1209 colamus.
1099 1184 1263 1221 sequere
1284 1184 1416 1209 me.—-
1610 1173 1681 1215 670

312 1238 376 1275 SA.
409 1249 552 1286 sequor
573 1244 611 1275 et
632 1238 798 1275 domum
820 1237 1012 1275 redeundi
1034 1236 1270 1287 principium
1292 1238 1430 1287 placet.

314 1302 418 1340 bona
439 1315 581 1341 scaeua
602 1310 812 1352 strenaque
833 1302 994 1340 obuiam
1017 1301 1182 1341 occessit
1204 1301 1368 1340 mihi.—

737 1459 1115 1497 STEPHANIVM

314 1556 460 1595 Mirum
484 1556 609 1595 uideri
632 1556 781 1596 nemini
804 1564 980 1595 nostrum
1004 1559 1108 1604 uolo,
1133 1556 1384 1608 spectatores,

311 1622 407 1673 quid
435 1635 507 1672 ego
535 1622 627 1660 hinc
653 1635 754 1672 quae
787 1622 864 1660 illic
893 1622 1030 1661 habito
1058 1636 1193 1661 exeam
1216 1638 1222 1661 :
1255 1624 1394 1662 faciam
1417 1637 1489 1663 uos
1514 1636 1592 1663 cer·
1609 1627 1715 1671 674·5

1461 1690 1588 1729 tiores.

312 1756 433 1795 domo
454 1756 606 1794 dudum
629 1757 706 1794 huc
727 1756 912 1795 arcessita
943 1770 1041 1803 sum,
1065 1755 1196 1810 (nam)
1221 1756 1409 1807 quoniam
1442 1755 1592 1794 nuntia-

1428 1829 1512 1859 tum
1533 1829 1590 1860 est

312 1886 471 1924 istarum
494 1894 680 1926 uenturos
703 1887 818 1935 uiros,
844 1888 897 1927 ibi
921 1888 1152 1927 festinamus
1174 1900 1339 1934 omnes3

311 1951 420 1990 lectis
442 1952 662 1991 sternendis
685 1953 909 1992 studuimus
928 1953 1213 2003 munditiisque
1232 1951 1478 2003 apparandis.

312 2017 410 2055 inter
430 2016 526 2055 illud
548 2024 681 2056 tamen
705 2019 905 2069 negotium
929 2019 1025 2057 meis
1047 2018 1180 2057 curaui
1202 2018 1339 2056 amicis

311 2083 446 2121 Sticho
467 2090 505 2122 et
527 2097 722 2123 conseruo
744 2084 931 2134 Sagarino
953 2097 1043 2122 mco
1064 2084 1162 2122 cena
1183 2091 1296 2122 cocta
1316 2090 1358 2121 ut
1379 2090 1490 2121 esset.
1607 2084 1677 2118 680

300 2190 364 2219 662
388 2194 514 2220 coctast
548 2189 690 2219 Ritschl:
731 2189 819 2220 dicta
848 2193 900 2218 est
934 2187 1000 2218 cod.
1163 2188 1227 2225 663
1267 2197 1312 2216 an
1341 2186 1587 2217 conuiuiumst.²

257 2234 323 2263 666
346 2232 543 2273 somniauit]
570 2233 672 2263 homo
698 2232 835 2262 donauit
858 2231 1060 2262 ,οιηῠιιαιιίὓ
1078 2229 1222 2271 Seyffert.
1242 2230 1300 2260 sed
1317 2230 1355 2269 cf
1376 2229 1440 2259 Leo
1461 2228 1509 2259 ad
1528 2229 1584 2260 loc.

258 2278 323 2307 668
346 2276 511 2315 Sagarine
529 2275 603 2306 add.
624 2276 750 2306 Ritschl
766 2275 826 2315 (iii.
845 2282 877 2304 2⁸
1015 2276 1076 2313 671
1103 2280 1136 2304 et
1153 2274 1210 2305 del.
1233 2273 1330 2304 Coa-t:
1427 2273 1584 2303 redeunti

259 2319 431 2350 Acidalt'us
571 2321 635 2358 672
659 2319 792 2349 obuiam
811 2318 1044 2349 saumarius:
1069 2317 1203 2348 obulain
1221 2317 1287 2348 cod.
1419 2317 1486 2355 676
1510 2326 1585 2346 nam

259 2363 334 2393 add.
355 2363 480 2393 Ritsclzl
609 2364 671 2400 677
697 2362 844 2401 ipsarum
864 2361 954 2399 tiss-5
975 2361 1094 2391 Ewald
1232 2361 1298 2390 680
1320 2360 1502 2399 sangar-ino
1518 2358 1585 2391 cod.

260 2408 352 2445 (corr.
370 2406 432 2447 D¹)
457 2417 462 2436 :
488 2416 533 2436 an
551 2405 727 2445 Sangam?
753 2405 805 2445 (rs.
823 2404 870 2435 ad
882 2404 962 2443 644)
