1747 2740
165 137 233 177 IV.
256 138 283 174 ii
661 137 707 174 T.
742 136 922 175 MACCI
955 129 1157 173 PLAVTI

197 264 237 295 45
257 254 428 298 quartus,
454 247 626 298 quintus,
652 254 794 293 sextus,
818 260 943 297 usque
971 254 1181 297 postquam
1203 246 1296 286 hinc
1323 245 1473 297 peregri
1493 246 1592 286 eiius

1482 320 1592 363 pater

257 378 363 426 abiit,
386 392 604 428 numquam
627 377 690 416 hic
712 377 883 416 triduom
906 390 1029 415 unum
1051 377 1222 416 desitum
1244 385 1302 416 est
1322 376 1502 428 potarier.

255 446 335 483 ΤΗ.
368 444 464 494 quid
478 444 564 482 ais?
614 445 715 481 PHA.
754 442 926 482 triduom
955 456 1077 481 unum
1105 450 1162 481 est
1190 444 1298 482 haud
1323 442 1590 482 intermissum

1245 508 1310 547 hic
1330 521 1417 547 esse
1436 515 1475 547 et
1496 507 1590 555 bibi,

256 582 384 614 scorta
404 574 506 621 duci,
530 573 779 624 pergraecari,
805 573 994 620 fidicinas,
1019 573 1200 612 tibicinas
1611 577 1682 620 960

255 641 410 679 ducere.
492 641 527 677 T
532 651 572 677 H.
618 639 705 689 quis
745 639 864 677 istaec
903 638 1102 677 faciebat?
1178 641 1283 677 ΡΗΑ.
1327 638 1590 678 Philolaches.

1112 706 1191 742 ΤΗ.
1224 706 1291 754 qui
1315 704 1593 743 Philolaches?

193 786 234 817 50
256 771 358 807 ΡΗΑ.
394 769 542 820 quoiiu’
573 777 723 819 patrem
755 769 1080 819 Theopropidem
1113 783 1200 808 esse
1231 769 1384 820 opinor.
1443 771 1523 807 ΤΗ.
1556 770 1593 809 ei

1347 833 1427 886 (ei),
1451 833 1590 882 occidi,

254 899 285 937 si
307 900 404 938 haec
426 899 490 938 hic
511 913 603 938 uera
624 907 815 938 memorat
836 902 842 937 ἕ
874 912 1032 950 pergam
1055 913 1172 949 porro
1193 898 1468 950 percontarier.

251 964 317 1002 ain
338 972 379 1003 tu
401 964 487 1003 istic
508 973 643 1015 potare
664 964 823 1003 solitum
846 964 1117 1003 Philolachem
1140 964 1270 1011 istum,
1294 964 1473 1015 quisquis
1494 973 1563 1013 est,

252 1031 344 1068 cum
372 1043 439 1068 ero
468 1032 632 1068 uostro?
689 1032 791 1068 PHA.
821 1029 895 1077 aio,
925 1029 1098 1081 inquam.
1159 1032 1238 1068 ΤΗ.
1276 1044 1408 1081 puere‚
1439 1038 1592 1081 praeter
1609 1038 1676 1083 965

1176 1096 1349 1147 speciem
1372 1098 1514 1136 stultus
1534 1111 1586 1136 es.

252 1160 345 1199 uide
367 1160 417 1199 sis
439 1175 489 1200 ne
509 1163 608 1200 forte
628 1163 678 1200 ad
701 1162 929 1200 merendam
951 1161 1140 1212 quopiam
1163 1162 1381 1201 deuorteris

192 1237 231 1270 55
253 1234 372 1276 atque
399 1226 453 1265 ibi
474 1227 732 1277 ampliuscule
759 1241 878 1278 quarn
899 1227 982 1265 sati’
1003 1229 1117 1266 fuerit
1137 1227 1294 1267 biberis.
1357 1230 1460 1266 ΡΗΑ.
1492 1229 1591 1279 quid

1502 1302 1561 1333 est
1574 1296 1591 1333 ?

252 1359 330 1395 TH.
365 1357 418 1396 ita
438 1358 539 1405 dico,
564 1373 613 1397 ne
633 1360 684 1397 ad
704 1359 798 1397 alias
819 1358 928 1398 aedis
950 1372 1154 1410 perperam
1176 1359 1394 1398 deueneris.

252 1423 354 1460 PHA.
387 1422 469 1461 scio
490 1437 568 1473 qua
588 1437 651 1462 me
672 1423 749 1462 eire
771 1431 925 1474 oportet
946 1432 984 1463 et
1005 1438 1085 1474 quo
1106 1424 1283 1463 uenerim
1305 1424 1400 1464 noui
1421 1426 1565 1464 locum.

252 1486 500 1526 Philolaches
522 1488 585 1526 hic
606 1487 767 1536 habitat,
792 1488 947 1538 quoiius
969 1497 1027 1527 est
1048 1497 1158 1539 pater
1178 1490 1494 1541 Theopropides.
1607 1503 1678 1539 970

251 1552 328 1601 qui,
352 1560 563 1603 postquam
585 1561 694 1604 pater
713 1555 764 1592 ad
787 1561 1001 1593 mercatum
1024 1554 1116 1593 hinc
1137 1554 1244 1602 abiit,
1268 1554 1332 1593 hic
1353 1555 1557 1594 tibicinam

190 1621 233 1655 60
252 1616 442 1656 liberauit.
514 1620 593 1657 TH.
628 1618 929 1658 Philolachesne
960 1618 1081 1670 ergo?
1152 1622 1254 1658 PHA.
1295 1620 1358 1667 ita,
1396 1621 1589 1660 Philema-

1290 1685 1387 1724 tium
1409 1686 1584 1736 quidem.

250 1749 329 1786 ΤΗ.
362 1748 531 1798 quanti?
594 1752 694 1787 PHA.
728 1749 1020 1800 triginta—Tu.
1054 1750 1240 1789 talentis?
1299 1752 1401 1789 ΡΗΑ.
1437 1754 1489 1802 μὰ
1521 1754 1587 1791 τὸν

1147 1818 1338 1864 Ἀπόλλω,
1362 1818 1432 1856 sed
1453 1816 1580 1857 minis.

247 1879 326 1916 ΤΗ.
360 1878 569 1918 liberauit?
626 1882 727 1919 PHA.
762 1881 941 1920 liberauit
964 1881 1104 1929 ualide,
1129 1882 1286 1933 triginta
1307 1882 1433 1921 minis.
1601 1887 1691 1927 973a

291 1992 354 2022 957
380 1983 457 2014 hinc
473 1995 540 2015 om.
560 1985 593 2015 A
685 1986 841 2025 peregi-ci
860 1986 892 2016 A
910 1998 916 2017 z
944 1997 1016 2026 —gre
1029 1987 1062 2018 P
1191 1989 1256 2027 958
1281 1988 1427 2019 triduom
1445 1998 1582 2018 munum

248 2027 370 2067 (unum
388 2027 451 2064 23²)
471 2028 617 2059 desitum
637 2029 728 2070 (add.
749 2035 802 2060 est
818 2030 881 2069 B')
905 2041 981 2061 esse
1005 2036 1038 2061 et
1062 2031 1130 2061 bibi
1155 2037 1206 2062 est
1224 2031 1364 2071 (bibisse
1387 2035 1424 2061 ut
1439 2031 1506 2062 vid.
1523 2031 1580 2066 13¹,

249 2071 316 2100 bibi
330 2070 394 2109 ΒΩ)
412 2071 445 2101 Ρ
461 2073 512 2109 (cfi
528 2074 608 2112 959)
707 2079 773 2113 959
795 2074 865 2112 agis
879 2073 912 2103 P
927 2077 1020 2113 (corr.
1034 2073 1096 2115 132)
1159 2076 1226 2105 essi
1243 2074 1432 2106 Lambinus
1518 2076 1579 2112 961

248 2115 390 2145 conduci
420 2115 565 2146 Rt'tsclzl:
602 2117 719 2147 ducier
748 2116 936 2147 Lambinus
1089 2120 1154 2157 962
1179 2119 1257 2158 quoi
1284 2118 1318 2149 P
1417 2118 1466 2148 vel
1481 2119 1583 2157 opino

249 2161 284 2187 et
304 2157 354 2188 P:
379 2159 409 2188 ei
427 2158 502 2201 (ei)
520 2160 702 2192 Grutems:
727 2161 758 2191 ei
772 2159 896 2203 (mihi)
912 2161 1125 2192 Camerarius
1255 2164 1319 2202 964
1345 2162 1430 2193 istuc
1447 2168 1582 2201 portare

249 2200 282 2229 P
388 2203 514 2242 silitum
535 2204 567 2233 A
746 2205 810 2244 965
835 2208 948 2235 nostra
970 2205 1002 2235 P
1024 2216 1115 2237 *corn
1138 2206 1197 2236 Βῆ
1331 2206 1386 2246 aio
1409 2205 1466 2236 A:
1499 2205 1583 2236 haec

249 2244 342 2283 (hec)
356 2244 407 2276 P:
432 2247 485 2276 hic
508 2247 584 2278 Ital.
674 2249 736 2287 967
763 2248 982 2288 ampliuscule
1001 2247 1086 2279 Leo:
1103 2249 1247 2289 amplius
1266 2249 1298 2279 A
1315 2260 1321 2279 :
1347 2249 1467 2279 melius
1484 2249 1537 2280 cui
1554 2248 1587 2279 P

247 2289 313 2326 968
337 2289 377 2318 ab
394 2289 426 2319 P
440 2291 533 2331 (corr.
553 2289 615 2330 ΒΕ)
708 2293 891 2323 neueneris
909 2291 941 2321 P
1083 2294 1148 2332 969
1172 2292 1257 2334 cire]
1283 2298 1317 2324 et
1335 2303 1370 2323 re
1386 2291 1419 2322 P
1435 2293 1499 2323 (ire
1517 2291 1581 2333 13²)

250 2331 374 2373 locum]
398 2332 488 2372 loqui
506 2334 540 2364 P
559 2337 636 2375 (pro
654 2334 757 2375 locil)
911 2345 972 2374 971
1001 2346 1045 2366 m.
1065 2336 1116 2366 ab.
1135 2337 1212 2367 hinc
1232 2347 1311 2374 gom.
1333 2337 1400 2367 hic}
1419 2335 1451 2366 P
1467 2336 1528 2373 (iii.
1550 2337 1582 2376 1)

248 2384 313 2415 972
338 2386 396 2406 -ne
419 2387 484 2408 om.
506 2377 539 2407 P
667 2389 730 2419 973
753 2379 829 2421 sed]
853 2389 916 2410 sex
936 2379 969 2409 P
1106 2382 1186 2419 973⁸
1209 2391 1276 2411 om.
1303 2378 1336 2410 P
1351 2379 1411 2421 (iii.
1432 2380 1484 2420 11)
