1747 2740
684 103 1034 142 TRINVMMVS
1487 108 1536 146 V.
1559 107 1591 146 ii

200 218 278 259 CH.
311 216 342 257 si
370 216 436 257 illa
461 216 531 256 tibi
560 217 700 268 placet,
727 217 922 268 placenda
947 217 1021 256 dos
1049 230 1211 268 quoque
1237 226 1296 257 est
1321 231 1442 269 quarn
1469 220 1537 258 dat
1558 234 1598 267 35

1454 285 1536 324 tibi.

88 359 181 395 1160
199 360 402 404 postremo
421 352 531 403 quod
553 350 612 390 uis
633 364 713 389 non
735 351 868 397 duces,
893 350 965 388 nisi
988 350 1085 389 illud
1107 352 1216 400 quod
1244 364 1325 390 non
1347 351 1406 390 uis
1427 352 1536 390 seres.

199 420 272 458 CA.
305 418 364 457 ius
385 417 449 456 hic
469 424 564 456 orat.
615 418 685 455 Lv.
716 416 942 467 impetrabit
963 424 1001 455 te
1021 417 1220 455 aduocato
1241 424 1360 467 atque
1379 416 1536 456 arbitro.

198 483 295 523 istac
316 485 401 534 lege
422 483 542 521 filiam
564 490 672 521 tuam
694 483 876 533 sponderi
898 481 952 520 mi
973 495 1135 521 uxorem
1157 482 1270 521 dari?

198 550 277 589 Cn.
318 550 510 600 spondeo.
571 549 646 589 CA.
685 556 724 587 et
756 561 829 599 ego
863 549 1045 599 spondeo
1080 547 1186 587 idern
1221 549 1309 587 hoc.
1370 550 1442 586 LY.
1485 549 1538 587 oh

1075 614 1235 660 saluete,
1258 614 1411 653 adfines
1432 613 1509 652 mei
1529 617 1536 652 Ξ

199 681 277 721 CH.
299 688 420 732 atque
435 681 579 732 edepol
599 687 691 719 sunt
707 693 767 719 res
783 692 881 730 quas
898 686 1057 730 propter
1072 678 1143 717 tibi
1164 687 1298 718 tamen
1319 679 1534 718 suscensui.
1555 695 1597 727 40

89 750 176 796 1165
198 748 270 785 LY.
306 746 405 797 quid
432 759 506 797 ego
531 745 637 785 feci?
694 747 771 785 CH.
810 759 945 784 meum
972 744 1171 795 corrumpi
1199 745 1291 796 quia
1318 746 1537 796 perpessu's

1400 810 1535 850 filium.

199 878 272 916 Lv.
294 877 326 916 si
342 877 383 917 id
399 891 488 917 mea
502 878 708 916 uoluntate
729 878 925 924 factumst,
940 875 1035 929 (est)
1050 877 1159 926 quod
1176 876 1273 914 mihi
1294 889 1536 915 suscenseas.

198 944 271 982 sed
290 943 374 982 sine
394 957 458 982 me
478 944 556 982 hoc
575 956 645 993 aps
667 951 704 981 te
732 942 942 992 impetrare
969 943 1078 993 quod
1103 943 1207 980 uolo.
1269 943 1348 982 CH.
1380 941 1477 992 quid
1497 941 1539 980 id

1176 1009 1264 1046 est?
1321 1009 1395 1046 LY.
1425 1007 1535 1047 scies.

198 1073 231 1112 si
251 1073 348 1124 quid
369 1074 487 1112 stulte
506 1073 608 1120 fecit,
632 1081 676 1112 ut
696 1087 743 1112 ea
763 1073 881 1112 missa
902 1073 1021 1112 facias
1042 1073 1187 1112 omnia.

198 1138 296 1189 quid
316 1151 478 1189 quassas
498 1140 647 1189 caput?
703 1139 782 1178 CH.
815 1138 1010 1178 cruciatur
1030 1152 1098 1178 cor
1119 1138 1173 1177 mi
1193 1147 1232 1177 et
1256 1146 1402 1177 metuo.
1463 1140 1534 1177 Lv.
1554 1153 1596 1185 45

1175 1203 1368 1254 quidnam
1388 1204 1429 1243 id
1450 1206 1539 1243 est?

89 1281 179 1315 1170
199 1270 277 1309 CH.
309 1282 433 1319 quom
453 1268 518 1307 ille
538 1268 628 1306 itast
649 1276 691 1307 ut
712 1282 798 1307 esse
818 1270 923 1316 nolo,
948 1270 988 1308 id
1009 1269 1186 1317 crucior;
1216 1277 1363 1317 metuo,
1387 1269 1418 1307 si
1439 1269 1511 1308 tibi

197 1335 392 1385 denegem
412 1335 522 1384 quod
544 1347 608 1372 me
628 1344 729 1381 oraS,
751 1347 801 1372 ne
821 1342 859 1372 te
880 1334 1070 1373 leuiorem
1092 1348 1182 1385 erga
1203 1348 1266 1373 me
1287 1342 1412 1386 putes.

196 1413 278 1438 non
304 1398 507 1450 grauabor.
567 1399 710 1438 faciam
736 1398 791 1437 ita
817 1407 859 1438 ut
887 1399 956 1438 uis.
1018 1401 1088 1438 Lv.
1122 1400 1270 1450 probus
1298 1413 1349 1438 es.
1409 1413 1468 1447 eo,
1495 1407 1538 1439 ut

1224 1465 1333 1503 illum
1356 1478 1534 1504 euoeem.

197 1531 275 1570 CH.
313 1530 547 1578 miserumst,
577 1532 679 1569 male
712 1530 936 1581 promerita,
958 1537 1002 1569 ut
1034 1530 1171 1570 merita
1203 1538 1305 1578 sunt,
1333 1530 1365 1569 si
1399 1530 1536 1569 ulcisci

1326 1609 1408 1634 non
1429 1596 1532 1635 licet.

197 1663 268 1700 Lx:
300 1661 449 1712 aperite
469 1662 557 1708 hoc,
579 1660 728 1711 aperite
748 1674 915 1712 propere
935 1668 973 1700 et
995 1661 1278 1708 Lesbonicum,
1302 1661 1332 1699 si
1354 1661 1512 1709 domist,
1553 1679 1595 1710 50

89 1737 152 1772 117
158 1737 175 1774 5
198 1725 334 1780 [foras]
357 1734 546 1765 euocate:
576 1726 629 1765 ita
649 1726 819 1765 subitost
844 1740 1011 1777 propere
1037 1728 1147 1777 quod
1175 1740 1266 1765 eum
1287 1734 1532 1766 conuentum

1425 1793 1530 1830 uolo.

197 1859 267 1896 LE.
301 1858 388 1908 quis
413 1859 536 1896 homo
562 1865 642 1896 tarn
670 1858 916 1896 tumultuoso
943 1857 1075 1896 sonitu
1103 1871 1167 1896 me
1194 1857 1337 1896 exciuit
1366 1855 1532 1910 [subito]

1401 1924 1503 1961 foras
1517 1925 1534 1961 ?

195 1990 266 2028 ΙΝ.
298 1989 543 2027 beneuolens
563 1996 652 2027 tuos
672 1996 792 2039 atque
811 1988 990 2028 amicust.
1051 1990 1121 2028 LE.
1155 1989 1280 2027 satine
1302 1990 1439 2027 salue?
1468 1989 1533 2028 die

1422 2054 1529 2094 mihi.

241 2161 320 2200 1165
352 2160 461 2190 'etiam
498 2160 590 2197 1166,
626 2162 718 2199 1167,
757 2161 851 2200 1169,
890 2170 984 2199 1172,
1017 2170 1107 2201 1174,
1141 2160 1239 2200 1177‘·
1273 2160 1352 2199 Lffl
1382 2159 1444 2190 CA.
1475 2159 1536 2190 alii

198 2205 280 2234 1166
304 2209 357 2234 est
373 2203 450 2234 add.
470 2202 683 2234 Camerarius
820 2205 899 2243 1167
926 2215 962 2235 es
980 2204 1045 2235 cod.
1203 2205 1284 2234 1168
1310 2204 1443 2234 missam
1463 2203 1527 2235 cod.

198 2258 281 2287 1170
305 2248 404 2278 istast
431 2247 497 2278 cod.
645 2258 727 2288 1173
751 2253 830 2278 sunt
855 2249 883 2278 si
911 2247 1149 2279 Lindemann:
1182 2249 1265 2279 sinis
1285 2247 1374 2278 cod:
1407 2248 1477 2278 sint
1503 2248 1530 2277 si

195 2291 323 2322 Ritschl
436 2301 516 2332 1175
541 2291 630 2322 foras
646 2291 705 2322 del.
724 2291 858 2322 Guietus
948 2297 1068 2323 uocate
1081 2291 1186 2322 Bothe
1320 2301 1331 2321 1
1342 2291 1401 2330 176
1418 2291 1530 2321 subito

194 2335 252 2367 dcl.
275 2335 409 2367 Guietus
546 2345 626 2375 1177
651 2336 778 2367 amicus
793 2335 880 2366 codd.
898 2334 1028 2366 Donati
1042 2335 1088 2366 ad
1101 2335 1189 2367 Eun.
1205 2345 1235 2374 5,
1251 2346 1281 2374 5,
1298 2337 1318 2366 8
1408 2335 1530 2366 satinst

569 2385 593 2404 st

193 2414 288 2446 salue
305 2413 370 2445 cod.
393 2416 466 2456 (pro
482 2414 602 2452 satine,
623 2414 642 2446 i.
651 2424 674 2444 e.
693 2413 835 2444 satinest
852 2424 890 2444 ex
906 2414 1015 2444 satine
1028 2416 1054 2456 ἲ)
