1747 2740
220 119 250 158 I.
274 130 305 157 v
692 121 739 158 T.
774 121 954 160 MACCI
987 122 1192 161 PLAVTI

381 245 462 270 non
483 233 710 271 demutabo.
770 239 889 282 atque
910 232 1028 271 etiam
1050 242 1211 281 certum,
1235 235 1344 285 quod
1365 235 1498 284 sciam,

192 309 250 342 155
379 310 460 347 quo
481 296 519 335 id
541 297 613 335 sim
636 299 807 335 facturus
829 306 946 348 pacto
967 298 1063 336 nihil
1085 299 1202 337 etiam
1225 300 1319 347 scio,

378 361 451 400 nisi
472 361 564 412 quia
585 363 806 401 futurumst.
866 376 957 401 nam
980 363 1046 413 qui
1068 363 1107 401 in
1129 378 1312 402 scaenam
1334 366 1528 416 prouenit,

378 440 485 465 nouo
506 428 627 465 modo
649 440 796 466 nouom
818 427 968 478 aliquid
989 427 1195 467 inuentum
1216 431 1368 468 adferre
1387 431 1556 470 addecet
1569 446 1580 479 5

379 491 408 529 si
430 492 470 530 id
491 493 617 531 facere
639 500 820 542 nequeat,
843 494 910 531 det
931 494 1062 531 locum
1084 493 1138 531 illi
1159 493 1226 544 qui
1247 502 1376 544 queat.
1628 507 1695 543 570

378 558 598 596 concedere
618 557 900 608 aliquantisper
920 558 1012 596 hinc
1034 558 1087 596 mi
1108 558 1210 596 intro
1231 559 1352 607 lubet,

190 621 253 654 160
378 624 475 661 dum
497 623 754 662 concenturio
776 623 814 661 in
837 625 956 662 corde
977 623 1266 674 sycophantias.

434 700 452 720 *
566 702 583 722 *
643 687 769 736 exibo,
793 702 873 727 non
896 701 963 727 ero
985 688 1100 728 uobis
1122 701 1258 728 morae
1271 702 1284 738 3

378 752 523 791 tibicen
546 766 617 792 uos
639 753 794 793 interibi
817 754 880 793 hic
900 753 1226 794 delectauerit.—
1630 766 1715 805 573⁸

772 1027 1009 1076 ACTVS
1063 1029 1110 1075 II

119 1126 211 1164 ILi
772 1126 1101 1163 PSEVDOLvs

271 1212 346 1250 Pro
369 1212 557 1263 Iuppiter,
580 1220 622 1251 ut
644 1212 739 1250 mihi
761 1211 956 1262 quidquid
983 1225 1058 1262 ago
1086 1212 1217 1263 lepide
1243 1214 1379 1253 omnia
1406 1227 1606 1266 prospere-

1293 1291 1371 1328 que
1391 1279 1580 1318 eueniunt
1597 1295 1604 1318 :

267 1354 397 1391 neque
418 1344 526 1392 quod
557 1343 735 1381 dubitem
768 1355 897 1393 neque
925 1344 1034 1393 quod
1064 1343 1224 1382 timeam
1255 1357 1346 1382 meo
1376 1343 1415 1382 in
1446 1352 1605 1394 pectore
1625 1355 1690 1394 575

1115 1407 1361 1446 conditumst
1381 1409 1602 1448 consilium.

320 1486 412 1510 nam
434 1486 479 1511 ea
500 1473 711 1521 stultitiast,
733 1473 883 1512 facinus
912 1486 1098 1523 magnum
1120 1473 1262 1512 timido
1289 1474 1398 1512 cordi
1420 1476 1604 1523 credere;
1625 1480 1738 1524 576—7

974 1552 1064 1577 nam
1087 1552 1226 1577 omnes
1247 1552 1307 1577 res
1328 1539 1492 1590 perinde
1513 1549 1604 1579 sunt

267 1611 308 1641 ut
328 1617 430 1653 agaS,
454 1611 496 1642 ut
517 1617 582 1642 eas
604 1604 734 1654 magni
757 1604 874 1642 facias
890 1619 899 1651 3
935 1618 1027 1642 nam
1049 1618 1123 1654 ego
1145 1605 1183 1642 in
1206 1617 1296 1643 meo
1316 1613 1476 1655 pectore
1497 1607 1602 1656 prius

227 1679 244 1709 5
644 1669 695 1707 ita
716 1669 848 1719 paraui
871 1669 1015 1719 copias,

266 1733 446 1784 duplicis,
469 1734 630 1785 triplicis
661 1736 786 1781 dolos,
818 1735 1012 1784 perfidias,
1043 1742 1096 1781 ut,
1127 1734 1400 1786 ubiquomque
1430 1736 1601 1775 hostibu’
1623 1740 1691 1785 580

1371 1802 1602 1852 congrediar

376 1865 585 1915 (maiorum
609 1878 740 1904 meum
765 1867 884 1903 fretus
913 1865 1056 1904 uirtute
1077 1865 1219 1912 dicam,
1243 1879 1331 1904 mea
1351 1865 1542 1905 industria
1562 1875 1600 1906 et
1621 1864 1735 1916 55'1—2

1154 1931 1302 1970 malitia
1322 1933 1599 1981 fraudulenta),

266 1996 379 2035 facile
411 2004 452 2034 ut
485 1996 654 2043 uincam,
687 1996 800 2035 facile
832 2005 872 2034 ut
908 1996 1073 2046 spoliem
1111 2010 1221 2035 nicos
1254 1997 1464 2047 perduellis
1504 1998 1601 2037 meis

1413 2063 1597 2112 perfidiis.

307 2154 368 2192 567
394 2153 426 2183 id
447 2163 513 2184 om.
534 2153 566 2184 Ρ
707 2163 772 2193 570
798 2153 829 2183 id
851 2163 915 2184 om.
937 2153 968 2183 A
1085 2153 1158 2194 det]
1177 2158 1210 2184 et
1228 2152 1262 2183 P
1389 2163 1450 2192 571
1478 2154 1552 2185 inro
1569 2154 1602 2184 Ρ

263 2206 325 2237 572
350 2196 445 2238 dum]
465 2207 538 2227 cum
560 2201 596 2227 ¹1!
612 2196 675 2228 vid.
695 2196 825 2227 Nonius
847 2207 880 2226 11
904 2197 949 2235 (A
970 2207 1002 2227 n.
1021 2196 1057 2230 (A
1233 2206 1296 2235 573
1320 2207 1386 2226 om.
1407 2196 1440 2226 P
1455 2200 1600 2239 (propter

262 2241 486 2274 homoeoarch.
500 2242 525 2281 3)
586 2259 625 2263 —
640 2240 718 2280 ζῴῳ
736 2241 768 2270 Α
785 2252 791 2270 :
809 2239 891 2282 <sed
910 2239 1011 2282 mox)
1029 2241 1129 2270 exibo
1147 2238 1213 2270 Leo
1280 2242 1358 2280 573¹
1377 2240 1508 2271 inter-ea
1527 2244 1539 2281 (
1560 2252 1594 2272 ra

263 2316 306 2355 Β)
326 2317 358 2346 Ρ
466 2318 530 2357 578
547 2328 623 2348 meo
637 2327 703 2356 ego
721 2318 753 2347 in
780 2316 813 2346 A
934 2319 999 2356 580
1022 2318 1074 2348 ub.
1094 2327 1167 2347 cum
1187 2317 1220 2347 Ρ
1241 2320 1320 2357 (pro
1343 2292 1594 2357 iibiqiigssqiie?

263 2371 291 2391 v.
311 2362 349 2399 33
482 2361 556 2400 58¹.
577 2362 640 2399 582
659 2361 820 2391 malorum
839 2370 991 2390 meorum
1022 2361 1054 2391 Ρ
1153 2360 1242 2402 mea]
1262 2371 1314 2391 me
1333 2360 1364 2390 P
1460 2360 1594 2392 fraudu-

263 2404 364 2437 lentia
383 2404 491 2436 codd.:
518 2415 596 2435 corr.
616 2405 716 2435 Bothe
858 2405 920 2445 583
947 2404 1075 2434 facilem
1106 2411 1139 2434 ut
1157 2415 1206 2446 sp.
1225 2405 1256 2435 A
