1747 2740
197 142 227 182 1.

181 525 224 556 80

182 1319 224 1352 90

178 1642 219 1675 95

248 143 263 180 i
671 143 717 182 T.
752 143 933 183 MACCI
967 143 1173 182 PLAVTI

303 255 420 293 CALI.
452 254 559 293 nilne
579 254 768 293 adiuuare
790 268 853 292 me
873 255 1027 293 audes?
1085 256 1147 292 Ρε.
1181 254 1277 305 quid
1298 255 1439 294 faciam
1461 255 1562 294 tibi?

302 321 418 360 CAL1.
450 321 576 359 eheu!
635 322 697 358 Ps.
734 321 910 359 ‘eheu'?
951 320 991 359 id
1012 320 1176 371 quidem
1204 321 1336 360 hercle
1362 334 1413 360 ne
1439 321 1587 371 parsis:

1465 387 1583 426 dabo.

300 452 414 491 CAL1.
448 450 565 490 miser
585 465 684 499 sum,
706 459 912 502 argentum
934 465 1130 503 nusquam
1152 452 1315 491 inuenio
1336 459 1573 491 mutuom—
1607 457 1654 491 80

300 518 362 554 Ps.
386 518 486 555 eheu
505 519 511 554 !
543 517 658 556 CALI.
682 531 813 567 neque
829 516 934 555 intus
951 531 1139 556 nummus
1153 519 1255 556 ullus
1269 525 1337 556 est.
1372 520 1434 556 Ρε.
1458 519 1559 557 eheu
1578 520 1585 556 !

298 583 416 622 CALI.
448 581 512 620 ille
532 582 777 621 abducturus
799 589 857 621 est
879 582 1084 622 mulierem
1106 596 1202 622 cras.
1263 585 1326 621 Ps.
1359 584 1461 621 eheu
1479 585 1486 621 l

298 649 415 688 CALI.
448 647 613 687 istoeine
635 656 751 698 pacto
773 662 837 688 me
857 648 1055 687 adiuuas?
1112 651 1175 687 Ps.
1209 649 1262 688 do
1289 648 1330 687 id
1351 649 1461 699 quod
1490 648 1586 686 mihi

1503 722 1586 763 est3

297 792 389 817 narn
412 778 442 817 is
465 778 559 816 mihi
582 779 818 817 thensaurus
840 778 939 829 iugis
961 778 1001 817 in
1023 786 1157 818 nostra
1177 780 1347 822 domost.

298 845 414 883 CALI.
447 852 579 882 aetum
601 852 660 882 est
681 846 732 883 de
753 858 818 883 me
838 844 970 884 hodie.
1030 846 1101 884 sed
1122 852 1234 895 potes
1256 852 1297 883 tu
1318 852 1499 883 mutuam
1605 850 1646 893 85

298 910 556 948 drachumam
578 911 672 949 dare
693 923 813 948 unam
834 910 931 948 mihi
953 924 1073 960 quam
1095 924 1179 949 cras
1200 911 1364 950 reddam
1386 910 1487 949 tibi?

298 977 360 1014 Ps.
393 975 458 1014 uix
480 977 621 1023 hercle,
645 975 796 1026 opinor,
821 975 852 1014 si
874 990 938 1014 me
959 989 1162 1026 opponam
1183 975 1347 1027 pignori.

296 1042 366 1080 sed
388 1040 484 1091 quid
506 1054 552 1079 ea
572 1041 791 1079 drachuma
811 1041 939 1079 facere
960 1040 1050 1079 uis?
1107 1042 1223 1080 CALi.
1256 1040 1389 1079 restim
1411 1042 1505 1080 uolo

296 1105 393 1144 mihi
428 1119 569 1145 emere.
641 1107 704 1144 Ρε.
738 1105 1030 1156 quamobrem?
1087 1107 1203 1146 CALI.
1237 1105 1305 1156 qui
1344 1120 1407 1144 me
1442 1106 1583 1144 faciam

1377 1171 1581 1221 pensilem.

296 1244 447 1275 certum
468 1243 527 1275 est
549 1235 645 1274 mihi
665 1243 758 1274 ante
779 1235 961 1274 tenebras
983 1235 1166 1274 tenebras
1187 1235 1381 1286 persequi.
1604 1248 1650 1282 90

298 1304 360 1341 Ps.
393 1301 481 1352 quis
503 1301 556 1340 mi
577 1301 692 1352 igitur
712 1302 974 1340 drachumam
994 1303 1144 1348 reddet,
1169 1301 1199 1339 si
1221 1302 1370 1341 dedero
1391 1301 1494 1340 tibi?

294 1381 345 1406 an
367 1375 408 1406 tu
430 1375 468 1406 te
489 1381 534 1406 ea
555 1369 695 1406 caussa
715 1366 775 1405 uis
796 1366 925 1405 sciens
946 1368 1190 1417 suspendere

295 1441 337 1471 ut
359 1447 422 1472 me
442 1433 639 1480 destudes,
663 1433 923 1471 drachumam
945 1431 976 1470 si
997 1432 1174 1471 dederim
1198 1432 1301 1472 tibi?

295 1500 411 1539 CALI.
444 1500 622 1549 profecto
643 1499 753 1536 nullo
774 1505 892 1548 pacto
913 1510 1076 1548 possum
1098 1497 1232 1536 uiuere

295 1564 326 1603 si
347 1564 412 1602 illa
432 1578 454 1602 a
475 1578 538 1603 me
559 1563 805 1603 abalienatur
824 1571 944 1613 atque
964 1562 1185 1602 abducitur.
1601 1579 1642 1616 95

295 1632 358 1668 Ps.
392 1629 488 1679 quid
509 1631 589 1676 fles,
614 1630 783 1668 oucule?
813 1628 935 1667 uiues.
997 1630 1112 1668 CALr.
1146 1628 1243 1679 quid
1264 1641 1338 1680 ego
1358 1628 1398 1667 ni
1419 1629 1546 1676 fleam,

294 1695 389 1746 quoi
412 1709 485 1734 nec
506 1702 664 1745 paratus
686 1707 874 1732 nummus
894 1693 1044 1744 argenti
1065 1693 1137 1732 siet

294 1775 425 1812 neque
445 1760 590 1800 libellai
613 1774 701 1811 spes
724 1760 772 1799 sit
793 1773 961 1810 usquam
983 1759 1192 1810 gentium?

295 1830 358 1866 Ps.
392 1834 434 1865 ut
455 1826 669 1865 litterarum
692 1839 765 1877 ego
786 1827 925 1864 harum
948 1839 1172 1864 sermonem
1192 1824 1324 1872 audio,

293 1892 367 1931 nisi
389 1900 430 1931 tu
452 1891 505 1930 illi
526 1891 752 1931 drachumis
774 1890 928 1930 fieueris
949 1890 1154 1941 argenteis,
1603 1906 1668 1932 100

285 1999 325 2037 78
348 1998 454 2028 audes
470 1996 546 2029 Ital.
562 2008 568 2027 :
595 1997 677 2027 ades
695 1995 733 2035 Ρ,
750 1995 783 2026 Α
799 2006 830 2026 η.
847 1995 866 2027 Ι.
962 2006 1004 2035 79
1030 1995 1085 2026 Ps.
1105 1995 1171 2025 heu
1189 1994 1223 2025 Ρ
1308 1995 1347 2025 81
1377 1994 1577 2036 [pseudolo]

240 2042 294 2073 ps,
324 2043 411 2072 eheu
437 2052 547 2080 neque
573 2041 592 2072 i.
621 2051 652 2072 n.
679 2040 782 2071 ullust
806 2039 839 2069 Ρ
860 2039 932 2079 (vix
952 2045 1015 2080 pro
1040 2039 1222 2070 Pseudole.
1253 2039 1305 2070 Ρε.
1331 2039 1431 2069 eheu.
1479 2040 1577 2070 (ΖΑΗ.

239 2096 349 2125 neque
368 2086 388 2117 i.
404 2086 597 2116 nummulus
616 2084 756 2115 nullustN
891 2084 933 2113 82
959 2083 1181 2114 abducturus-t
1198 2081 1231 2112 A
1312 2082 1394 2122 sort.
1415 2082 1576 2114 abductu-

239 2135 311 2160 rust
325 2129 402 2160 mul.
418 2139 502 2160 cras.
550 2129 604 2159 Ps.
631 2127 772 2170 (οι-δεῖ)
787 2137 816 2158 e.
909 2128 951 2166 83
975 2127 1116 2158 adiuuas
1133 2126 1206 2158 Ital.
1224 2138 1231 2157 z
1255 2127 1374 2157 adtuas
1390 2125 1428 2165 P,
1450 2126 1482 2156 A
1506 2139 1536 2156 n.
1556 2127 1576 2156 l.

237 2175 279 2212 84
306 2174 380 2214 (d)o
399 2178 454 2203 ——t
478 2173 510 2202 A
532 2173 681 2213 'gdomost
695 2173 720 2210 3)
741 2183 747 2202 z
783 2176 835 2202 est
853 2170 952 2201 domo
976 2170 1008 2200 Ρ
1137 2172 1179 2210 85
1204 2175 1315 2201 actum
1334 2170 1433 2201 hodie
1451 2170 1516 2201 iam
1535 2171 1577 2201 de

240 2228 293 2248 me
318 2222 371 2247 est
395 2217 456 2247 sed
483 2217 588 2257 (quod
616 2215 660 2251 Β)
687 2220 788 2254 potes
814 2225 903 2244 nunc
921 2220 1067 2245 mutuam
1087 2213 1121 2244 P
1264 2215 1307 2244 86
1330 2213 1408 2244 mihi
1430 2224 1529 2244 unam
1547 2214 1580 2245 Ρ

239 2262 280 2299 87
305 2262 355 2292 vel
367 2260 472 2300 opino
561 2270 592 2290 ο.
615 2259 698 2300 [est]
722 2260 914 2298 (perperam
930 2259 1089 2298 scripmm
1104 2264 1166 2299 pro
1184 2258 1248 2290 ST.
1269 2258 1288 2288 i.
1302 2268 1325 2289 c.
1347 2257 1411 2294 SI;
1436 2258 1478 2288 iv.
1493 2260 1527 2296 3‘
1548 2258 1575 2288 si

239 2304 279 2344 P,
300 2304 388 2335 unde
403 2304 518 2343 opino,
536 2303 599 2334 etsi
619 2302 747 2332 Ritschl
862 2302 905 2332 88
928 2303 1064 2340 quidem
1084 2312 1102 2332 a
1120 2303 1150 2332 d.
1171 2302 1203 2332 Ρ
1325 2301 1368 2340 89
1393 2301 1575 2340 pendulum

241 2348 328 2379 codd.
350 2347 584 2388 Potpllym'om's
600 2346 647 2376 ad
664 2346 746 2375 Ilm:
766 2344 837 2376 Sat.
860 2355 889 2376 2.
904 2355 932 2378 2.
951 2355 993 2383 99
1116 2355 1154 2383 9¹
1184 2345 1333 2375 dodorim
1349 2344 1380 2375 Ρ
1394 2345 1448 2386 (rs.
1469 2355 1496 2375 v.
1516 2346 1574 2385 93)

240 2402 282 2431 93
308 2392 490 2422 drachuma
503 2391 576 2422 ΡΟ)
714 2399 774 2419 100
799 2390 958 2419 lacrumis
977 2388 1145 2418 lllcnrsins
1164 2388 1360 2429 gulam-umis)
