1747 2740
79 287 118 324 55

74 604 121 637 60

74 1591 117 1627 75

74 1915 120 1949 80

658 161 952 201 POENVLVS
1354 171 1470 199 PRoL.

248 289 395 315 nomen
416 274 492 313 iam
514 273 677 313 habetis.
737 287 843 311 nunc
863 272 1033 311 rationes
1054 280 1202 312 ceteras

249 341 415 391 accipite
432 355 442 388 ,·
470 353 563 378 nam
583 347 859 389 argumentum
881 339 958 376 hoc
978 337 1042 377 hic
1063 338 1309 377 censebitur:

251 407 358 445 locus
378 412 647 456 argumentost
668 417 782 442 suom
804 403 879 442 sibi
900 403 1187 454 proscaenium,

247 485 319 510 uos
341 471 528 508 iuratores
550 470 653 508 estis.
714 483 875 519 quaeso,
899 482 1060 519 operam
1081 469 1183 507 date.

247 535 592 586 Carthaginienses
612 536 749 574 fratres
770 535 965 585 patrueles
987 535 1068 572 duo

247 603 353 641 fuere
374 615 531 640 summo
550 615 693 651 genere
715 609 753 639 et
774 599 938 638 summis
959 598 1090 647 ditiis,

246 681 382 706 eorum
403 668 499 705 alter
519 666 628 713 uiuit,
651 668 748 704 alter
769 673 826 705 est
848 673 1060 705 emortuos.

245 740 451 783 propterea
470 733 578 783 apud
599 745 672 770 uos
693 731 785 770 dico
807 729 1087 775 confidentius,

245 797 337 848 quia
357 797 410 835 mi
431 797 615 848 pollictor
636 797 733 836 dixit
755 796 822 846 qui
844 810 935 835 eum
957 795 1201 846 pollinxerat.

247 864 316 901 sed
338 862 392 900 illi
413 862 497 901 seni
517 862 585 913 qui
607 870 812 908 mortuost,
834 860 906 914 (ei)
926 861 1028 899 filius

247 928 378 966 unicu'
399 927 466 978 qui
488 929 612 966 fuerat
633 928 686 966 ab
707 926 857 966 diuitiis
878 940 901 965 a
921 934 1031 977 patre

246 1007 343 1044 puer
363 993 592 1044 septuennis
613 992 831 1042 surrupitur
852 991 1102 1041 Carthagine,

246 1058 433 1097 sexennio
453 1057 550 1109 priu'
571 1057 734 1108 quidem
757 1070 877 1107 quam
899 1056 1063 1095 moritur
1083 1063 1203 1107 pater.

246 1123 434 1175 quoniam
455 1123 616 1174 periisse
636 1122 711 1161 sibi
730 1122 841 1162 uidet
859 1130 1022 1173 gnatum
1043 1121 1217 1170 unicum,

246 1188 439 1228 conicitur
459 1188 543 1239 ipse
563 1188 604 1227 in
624 1188 809 1227 morbum
831 1201 878 1226 ex
897 1187 1166 1238 aegritudine:

247 1253 338 1293 facit
359 1254 469 1292 illum
489 1255 677 1293 heredem
698 1255 857 1292 fratrem
878 1254 1095 1304 patruelem
1116 1266 1242 1300 suom,

246 1319 330 1371 ipse
349 1319 431 1358 abit
451 1321 501 1359 ad
522 1320 818 1358 Accher'untem
840 1318 924 1358 sine
944 1318 1100 1358 uiatico.

244 1385 297 1424 ill'
330 1385 397 1436 qui
419 1385 615 1436 surrupuit
637 1398 804 1435 puerum
826 1385 1074 1434 Calydonem
1095 1384 1240 1431 auehit,

247 1450 385 1490 uendit
406 1465 496 1490 eum
518 1450 684 1490 domino
705 1450 769 1488 hic
791 1450 905 1490 diuiti
927 1450 1118 1501 quoidam
1140 1451 1234 1498 seni,

246 1516 421 1567 cupienti
441 1516 666 1563 liberorum,
689 1515 794 1555 osori
816 1516 1039 1555 mulierum.

247 1582 341 1621 emit
362 1582 597 1632 hospitalem
620 1581 651 1620 is
673 1581 797 1619 filium
818 1581 1035 1632 inprudens
1057 1596 1176 1621 senex

246 1661 411 1699 puerum
433 1647 543 1686 illum
565 1660 738 1697 eumque
758 1647 923 1697 adoptat
944 1646 1018 1685 sibi
1039 1661 1109 1698 pro
1131 1646 1211 1686 filio

245 1726 417 1763 eumque
438 1713 626 1751 heredem
647 1711 738 1750 fecit
759 1725 881 1762 quom
903 1711 986 1762 ipse
1007 1711 1105 1750 obiit
1126 1712 1243 1750 diem.

245 1778 277 1817 is
298 1778 376 1816 illic
396 1778 630 1817 adulescens
652 1776 804 1816 habitat
826 1777 864 1815 in
886 1777 1008 1815 illisce
1028 1777 1205 1816 aedibus.

246 1851 422 1883 reuortor
442 1857 553 1881 rusus
575 1844 708 1881 denuo
730 1842 1010 1893 Carthaginem
1028 1859 1034 1881 :

246 1908 378 1959 siquid
398 1909 611 1947 amandare
632 1907 750 1946 uoltis
771 1915 838 1946 aut
859 1907 1038 1955 curarier‚

245 1982 449 2025 argentum
471 1973 545 2012 nisi
566 1972 633 2023 qui
654 1973 819 2021 dederit,
842 1987 967 2024 nugas
988 1972 1132 2025 egerit3

245 2054 381 2079 uerum
404 2039 471 2089 qui
492 2039 656 2087 dederit,
681 2039 794 2089 magi’
817 2039 984 2078 maiores
1007 2037 1165 2093 [nugas]
1187 2038 1315 2089 egerit.

245 2107 316 2145 sed
337 2104 390 2143 illi
411 2111 550 2154 patruo
578 2103 581 2156 Ι
608 2104 738 2143 huiius
760 2104 827 2155 qui
849 2104 947 2143 uiuit
969 2118 1098 2152 senex,

182 2221 222 2251 57
247 2210 328 2241 sibis
347 2208 426 2245 cod„
441 2208 527 2239 unde
543 2219 623 2239 suos
639 2210 736 2240 sibist
754 2209 982 2250 Ritscl1l,f0›·t.
998 2213 1073 2240 recte
1160 2211 1202 2248 63
1227 2209 1392 2248 pollector
1404 2209 1469 2240 cod.

137 2257 179 2294 64
197 2255 246 2285 vel
260 2254 325 2285 illic
393 2251 696 2295 <ei>fi.Act‘dal1‘us
783 2254 824 2292 65
839 2253 937 2284 suerit
954 2253 1020 2284 cod.
1037 2253 1234 2294 (c01·›-.PCD)
1301 2253 1472 2284 abditiuus

141 2297 336 2329 Gulielmius
427 2306 460 2334 71
490 2296 595 2327 habiit
613 2297 680 2335 (1'.e.
696 2297 790 2337 abiit)
806 2297 870 2327 cod.
1231 2307 1270 2336 74
1296 2296 1471 2328 mulierem

138 2343 203 2372 cod,
365 2341 404 2380 78
428 2340 477 2370 vel
493 2341 519 2370 is
539 2340 584 2370 illi
736 2342 780 2371 80
804 2341 964 2371 mandare
982 2341 1179 2380 Saracenas,
1197 2341 1250 2370 cm'
1261 2344 1291 2371 et
1308 2340 1386 2380 quid
1404 2343 1469 2372 am.

138 2390 166 2415 et
186 2386 294 2425 siquid
312 2385 479 2425 displicent
653 2385 694 2414 92
719 2395 835 2415 uerum
854 2384 912 2415 del.
933 2384 1060 2415 Sclzoell
1161 2385 1212 2415 vel
1234 2395 1330 2424 mage
1436 2396 1468 2415 n.

138 2429 196 2461 del.
211 2429 350 2470 Pylades
526 2430 568 2468 83
592 2428 646 2458 vix
662 2428 761 2458 huius
785 2428 942 2470 (trisyll.),
958 2431 1073 2469 potius
1089 2429 1229 2459 huiusce
1246 2439 1252 2458 τ
1266 2429 1348 2468 sort.
1370 2429 1471 2459 huius

137 2472 326 2516 (hominis)
342 2474 404 2515 (iii,
418 2484 448 2512 p.
462 2474 519 2513 51)

1493 286 1533 319 55

1494 598 1538 631 60

1497 1587 1536 1621 75

1494 1913 1537 1945 80
