1747 2740
534 119 706 157 MILES
737 118 1053 158 GLORIOSVS
1392 119 1462 157 IV.
1485 118 1561 155 viii

130 230 198 269 ΡΥ.
230 229 327 282 quid
348 229 389 270 id
410 232 498 270 est?
556 232 625 269 PA.
658 244 731 270 nos
752 231 974 270 secundum
997 230 1084 269 ferri
1110 244 1215 270 nunc
1237 245 1305 282 per
1325 231 1462 270 urbem

1198 298 1295 335 haec
1316 297 1460 344 omnia,

21 369 110 407 1350
128 374 178 399 ne
199 360 286 411 quis
307 360 377 400 tibi
399 362 475 399 hoc
497 360 593 399 ur'tio
615 368 752 400 uortat.
815 363 881 400 ΡΥ.
916 375 1014 408 mea,
1038 375 1118 400 non
1140 362 1294 400 illorum
1316 361 1408 401 dedi
1429 377 1435 399 :
1483 371 1525 402 40

127 425 237 476 parui
258 440 331 476 ego
352 426 438 465 illos
461 426 573 465 facio.
632 427 745 477 agite,
769 426 820 465 ite
843 440 933 465 cum
955 427 1015 465 dis
1038 427 1379 466 beneuolentibus.

127 493 196 529 PA.
231 499 297 530 tua
324 505 396 542 ego
425 493 501 530 hoc
529 506 667 530 caussa
694 492 796 531 dieo.
858 494 925 530 ΡΥ.
959 494 1090 531 credo.
1152 495 1221 530 ΡΑ.
1254 492 1331 530 iam
1362 493 1460 531 uale.

1016 560 1084 595 ΡΥ.
1118 565 1155 595 et
1176 565 1217 596 tu
1239 558 1341 596 bene
1362 559 1461 596 uale.

126 624 194 661 ΡΑ.
227 622 281 662 ite
313 622 402 670 cito,
433 623 510 661 iam
543 637 617 674 ego
643 625 840 674 adsequar
869 637 965 663 uos:
996 627 1086 662 cum
1118 637 1184 662 ero
1215 637 1341 674 pauca
1370 624 1463 662 uolo

1287 688 1464 739 loqui.—

125 767 367 804 quamquam
387 754 485 793 alios
506 754 702 793 fideliores
724 763 879 804 semper
899 753 1072 793 habuisti
1093 753 1164 793 tibi

19 834 33 861 ι
39 834 58 870 3
65 833 80 870 5
88 833 104 870 5
126 833 245 869 quam
262 833 336 866 me,
354 827 486 858 tamen
502 819 573 858 tibi
590 819 719 858 habeo
737 833 920 870 magnam
934 819 1097 870 gratiam
1115 832 1241 858 rerum
1260 818 1439 858 omnium
1454 833 1464 867 3
1484 830 1524 862 45

126 892 174 931 et,
198 884 228 922 si
255 884 258 935 1
286 883 338 922 ita
359 884 554 923 sententia
574 892 688 932 esset,
711 884 782 923 tibi
803 884 948 923 seruire
970 884 1089 923 malui

126 950 251 988 multo
272 949 390 999 qua'm
411 948 475 987 alii
497 949 658 988 libertus
679 963 775 988 esse.
838 951 905 987 Pv.
938 950 1041 988 hzibe
1061 949 1238 988 animum
1261 950 1424 988 bonum.

127 1016 197 1052 PA.
218 1015 331 1061 eheu,
347 1028 468 1064 quom
486 1014 594 1053 uenit
615 1014 669 1052 mi
690 1014 730 1052 in
752 1022 926 1053 mentem
944 1022 985 1052 ut
1003 1028 1130 1053 mores
1154 1015 1332 1054 mutandi
1350 1015 1464 1063 sient,

126 1079 336 1118 muliebres
357 1093 486 1118 mores
507 1079 698 1127 discendi,
722 1079 985 1119 obliuiscendi
1007 1080 1209 1119 stratiotici
1228 1085 1234 1119 l

18 1148 107 1193 1360
126 1146 194 1184 ΡΥ.
226 1146 287 1183 fac
325 1144 376 1183 Sis
408 1144 517 1195 frugi.
596 1147 665 1183 ΡΑ.
708 1144 785 1183 iam
821 1158 902 1183 non
942 1158 1116 1195 possum,
1153 1145 1265 1183 amisi
1300 1159 1460 1184 omnem
1483 1157 1526 1188 50

1228 1210 1460 1250 lubidinem.

126 1277 194 1314 ΡΥ.
227 1274 248 1323 i,
272 1289 436 1326 sequere
457 1275 555 1324 illos,
579 1290 629 1315 ne
651 1288 814 1315 morere.
875 1278 944 1314 ΡΑ.
978 1276 1080 1315 bene
1102 1278 1200 1316 uale.
1261 1279 1329 1315 ΡΥ.
1363 1285 1401 1316 et
1422 1284 1463 1314 tu

1239 1342 1342 1381 bene
1363 1344 1460 1381 uale.

126 1408 193 1446 ΡΑ.
226 1420 375 1458 quaeso
395 1407 633 1455 memineris,
657 1406 688 1445 si
709 1408 808 1446 forte
829 1407 927 1446 liber
948 1407 1029 1446 fieri
1050 1407 1273 1458 occeperim

125 1472 295 1523 (mittam
317 1473 500 1511 nuntium
521 1474 571 1511 ad
594 1472 660 1523 te),
680 1486 730 1511 ne
749 1487 810 1511 me
828 1474 997 1512 deseras.
1050 1475 1116 1511 ΡΥ.
1142 1487 1222 1512 non
1240 1481 1297 1512 est
1315 1486 1459 1512 meum.

125 1539 194 1576 PA.
227 1538 399 1589 cogitato
419 1537 638 1577 identidem
660 1537 730 1576 tibi
753 1551 872 1587 quam
894 1537 1021 1576 fidelis
1042 1537 1192 1576 fuerim.

19 1607 103 1653 1365
125 1603 156 1642 si
177 1603 218 1643 id
239 1603 371 1651 facies,
392 1611 476 1642 tum
498 1605 660 1642 demum
683 1603 801 1642 scibis
824 1603 894 1641 tibi
921 1603 986 1653 qui
1009 1604 1129 1642 bonu'
1150 1603 1207 1651 sit,
1232 1604 1298 1654 qui
1320 1606 1457 1642 malus.
1480 1616 1521 1648 55

125 1670 193 1707 ΡΥ.
225 1668 307 1708 scio
346 1678 384 1708 et
422 1669 601 1720 perspexi
641 1682 768 1719 saepe.
844 1671 912 1707 ΡΑ.
945 1683 1082 1707 uerum
1118 1683 1239 1719 quom
1279 1671 1458 1716 antehac,

1138 1735 1257 1773 hodie
1279 1749 1462 1774 maxume

124 1801 223 1841 scies
242 1817 249 1840 :
280 1801 404 1840 immo
424 1800 545 1839 hodie
566 1804 795 1840 †meorum†
817 1801 963 1838 fuctum
979 1801 1067 1839 faxo
1087 1808 1176 1851 post
1197 1800 1304 1839 dices
1327 1800 1460 1850 magis.

126 1869 197 1908 ΡΥ.
227 1867 292 1906 uix
317 1866 507 1918 reprimor
531 1866 626 1917 quin
654 1874 692 1905 te
720 1880 878 1905 manere
908 1866 1078 1905 iubeam.
1139 1868 1208 1904 ΡΑ.
1242 1880 1338 1905 caue
1362 1866 1462 1904 istuc

1301 1931 1462 1970 feceris:

125 2000 260 2040 dicant
280 2007 318 2039 te
339 2000 574 2038 mendacem
596 2013 668 2037 nec
690 2011 827 2037 uerum
850 2011 945 2044 esse,
971 1998 1047 2036 fide
1069 1999 1175 2036 nulla
1197 2012 1281 2036 esse
1303 2005 1351 2044 tc,

172 2116 255 2146 1350
280 2106 363 2136 istuc
392 2105 498 2135 Lus-Is
634 2114 711 2143 1351
738 2102 822 2134 alios
845 2102 949 2133 Botlze
1085 2112 1165 2142 ¹353
1191 2113 1248 2132 cro
1272 2102 1370 2132 Imm
1396 2113 1460 2141 ego

124 2151 189 2182 cod.
281 2150 358 2180 uolo
377 2149 466 2187 loqui
496 2148 640 2179 Ritsclzl:
675 2147 786 2186 eloqui
809 2146 875 2179 cod.
1017 2148 1099 2184 1356
1122 2147 1166 2176 ita
1191 2147 1218 2175 si
1238 2145 1458 2176 Laclnnaun:

125 2195 151 2225 si
182 2196 286 2225 istaec
318 2193 458 2223 Skutsch
488 2191 624 2223 sliam.
653 2202 705 2231 32,
734 2194 793 2231 92)
944 2200 1024 2229 1357
1059 2195 1150 2220 esset
1177 2190 1242 2220 cod.
1350 2190 1458 2220 habeo

124 2239 248 2269 bonum
278 2239 425 2268 animum
453 2236 518 2267 cod.
539 2248 545 2267 z
571 2238 642 2268 tras.
664 2236 767 2266 Bothe
904 2236 987 2273 1358
1012 2234 1098 2264 cheu
1129 2235 1217 2264 Lm:
1245 2234 1362 2263 haeum
1388 2234 1455 2264 cod.

125 2284 197 2321 (vix
211 2284 378 2313 interiectio
495 2292 577 2322 1359
601 2281 777 2312 stratiotici
796 2279 971 2310 Srntarins
987 2291 992 2309 :
1018 2279 1164 2308 stratiosi
1201 2279 1350 2308 stratiost
1369 2278 1457 2315 Pfs')

124 2327 189 2358 cod.
340 2328 421 2365 1362
445 2338 475 2366 q.
497 2332 531 2357 ot
550 2328 615 2363 (utl
634 2338 676 2357 m.
702 2324 775 2355 PCT‘
880 2324 949 2353 fleri
969 2323 1138 2361 occeperit
1157 2322 1222 2353 cod.
1378 2323 1453 2360 ¹364

124 2371 207 2402 dent
229 2371 317 2402 idem
343 2371 407 2402 cod.
578 2372 660 2409 1366
685 2368 798 2410 (tum)
817 2368 892 2397 hod.
916 2367 986 2396 Ital.
1164 2367 1244 2404 1367
1271 2375 1384 2395 eorum
1404 2365 1457 2395 lf:

124 2425 240 2446 uerum
264 2415 496 2446 Camerarius:
517 2425 568 2444 me
587 2420 676 2445 tuom
697 2413 761 2443 Leo
776 2424 782 2442 ε
798 2412 878 2451 fort.
901 2420 1026 2440 morum
1151 2411 1232 2449 1369
1257 2410 1370 2440 dicent
1387 2409 1454 2440 cod.

124 2458 176 2500 (qs.
198 2460 293 2500 1370)
385 2464 476 2490 esset
493 2458 560 2489 cod.
651 2458 717 2489 fide
735 2456 807 2488 Ital.
825 2467 831 2486 ε
857 2455 955 2485 fidele
973 2453 1039 2485 cod.
