1747 2740
118 148 172 186 II.
194 148 240 185 iv
612 148 658 186 T.
692 146 874 186 MACCI
905 145 1110 184 PLAVTI

194 258 236 297 id
255 271 319 297 me
339 257 606 297 insimulatam
627 269 831 307 perperam
853 256 993 293 falsum
1015 268 1101 293 esse
1121 252 1328 293 somniaui.

132 340 175 370 40
195 326 264 362 ΡΑ.
297 323 397 362 satin
431 324 571 361 eadem
606 320 783 371 uigilanti
817 327 1005 370 expetunt
1039 333 1142 370 quae
1180 319 1219 357 in
1258 318 1408 357 somnis
1443 318 1529 358 uisa

1304 385 1527 423 memoras?

194 469 244 494 eu
263 456 393 493 hercle
413 466 598 504 praesens
619 451 817 489 somnium
836 454 843 490 ί
887 450 952 489 abi
974 450 1076 488 intro
1096 458 1135 488 et
1155 461 1415 499 comprecare.

195 521 433 559 narrandum
455 532 528 567 ego
549 517 649 555 istuc
670 515 784 554 militi
805 516 987 554 censebo.
1050 517 1124 553 PH.
1155 516 1284 552 facere
1303 519 1502 560 certumst,
1545 525 1610 563 395

196 599 326 636 neque
346 599 409 623 me
425 583 588 633 quidem
610 581 733 632 patiar
753 580 885 631 probri
906 582 1004 618 salso
1025 580 1174 630 inpune
1194 579 1527 617 insimulatam.—

197 653 260 690 SC.
292 650 414 688 timeo
434 648 530 697 quid
552 660 680 685 rerum
701 647 899 696 gesserim,
923 645 976 683 ita
997 647 1137 684 dorsus
1158 652 1264 683 totus
1284 643 1416 695 prurit.

132 725 174 758 45
198 718 266 754 ΡΑ.
299 714 384 753 scin
399 720 437 751 te
453 711 642 762 periisse?
690 712 751 750 Sc.
784 724 891 749 nunc
912 711 1075 761 quidem
1096 709 1206 749 dorni
1227 717 1380 748 certost.
1423 717 1526 748 certa

1388 788 1448 814 res
1468 782 1526 814 est

194 860 301 885 nunc
322 852 499 884 nostrum
516 857 725 894 opseruare
741 843 900 891 ostium,
916 842 985 881 ubi
1001 842 1116 881 ubist.
1168 843 1237 879 ΡΑ.
1259 848 1309 887 at,
1329 841 1523 887 Sceledre,

1363 919 1522 956 quaeso,

194 986 236 1016 ut
256 979 307 1016 ad
327 977 367 1015 id
389 977 614 1026 exemplum
635 974 835 1014 somnium
857 988 977 1025 quam
998 973 1125 1012 simile
1145 971 1359 1011 somniauit
1544 982 1615 1015 400

194 1051 313 1093 atque
333 1050 375 1080 ut
395 1050 437 1079 tu
458 1041 678 1091 suspicatus
699 1054 740 1078 es
761 1053 848 1078 eam
870 1039 1017 1077 uidisse
1036 1039 1283 1077 osculantem
1300 1044 1307 1075 Ξ

195 1111 256 1147 Sc.
289 1107 424 1147 nescio
452 1107 548 1157 quid
576 1107 735 1145 credam
756 1112 912 1156 egomet
932 1103 1031 1142 mihi
1054 1104 1143 1151 iarn,
1165 1103 1219 1142 ita
1243 1104 1352 1153 quod
1379 1101 1528 1142 uidisse

1406 1168 1526 1207 credo

133 1254 176 1286 50
195 1253 258 1278 me
288 1238 328 1277 id
358 1238 436 1277 iam
470 1251 552 1276 non
586 1236 734 1275 uidisse
761 1236 936 1275 arbitror.
998 1237 1066 1274 ΡΑ.
1100 1248 1150 1273 ne
1184 1242 1226 1272 tu
1259 1234 1392 1272 hercle
1425 1245 1522 1281 sero,

1371 1297 1522 1349 opinor,

193 1370 419 1422 resipisces:
460 1369 492 1407 si
526 1370 578 1408 ad
616 1381 725 1407 erum
765 1369 862 1406 haec
897 1380 956 1406 res
991 1366 1097 1418 prius
1129 1364 1347 1417 praeuenit,
1380 1363 1524 1414 peribis

1349 1430 1521 1480 pulchre.

193 1504 255 1541 Sc.
287 1514 393 1540 nunc
414 1502 574 1540 demum
594 1499 770 1550 experior
786 1498 839 1536 mi
860 1499 912 1537 ob
935 1499 1071 1536 oculos
1087 1496 1296 1546 caliginem
1312 1494 1519 1545 opstitisse.
1541 1507 1607 1544 405

193 1569 262 1605 ΡΑ.
294 1567 448 1605 dudum
479 1565 622 1615 edepol
656 1565 857 1615 planumst
890 1562 931 1601 id
965 1561 1140 1612 quidem,
1169 1574 1271 1610 quae
1305 1559 1369 1598 hic
1399 1572 1523 1609 usque

1272 1624 1385 1664 fuerit
1405 1623 1521 1663 intus.

195 1700 257 1737 Sc.
290 1697 387 1735 nihil
407 1696 537 1735 habeo
558 1695 651 1735 certi
673 1695 770 1745 quid
790 1696 951 1744 loquar:
982 1706 1064 1731 non
1084 1691 1167 1731 uidi
1187 1704 1286 1738 eam,
1308 1689 1381 1729 etsi
1401 1689 1493 1729 uidi.

135 1776 174 1809 55
197 1766 265 1802 ΡΑ.
297 1777 347 1802 ne
367 1770 409 1801 tu
429 1763 573 1812 edepol
593 1760 756 1799 stultitia
776 1768 843 1798 tua
863 1773 935 1798 nos
956 1771 1082 1809 paene
1102 1756 1330 1809 perdidisti:

236 1878 299 1907 392
324 1867 357 1898 id
376 1867 431 1908 (it)
447 1867 545 1897 etiam
562 1865 595 1896 P
609 1869 646 1896 ul
659 1865 722 1896 vid.
744 1865 836 1903 (item
856 1865 912 1902 23¹,
928 1866 971 1895 ita
989 1864 1125 1903 PCD32)
1216 1874 1280 1904 393
1304 1863 1478 1904 uigilantis
1494 1863 1528 1894 P

194 1921 257 1951 394
283 1913 368 1942 heus
393 1911 426 1941 Ρ
526 1909 855 1950 praesentsomnium
881 1912 918 1938 ut
940 1908 1004 1939 vid.
1030 1908 1064 1939 Ρ
1086 1909 1247 1948 (perdent
1273 1908 1440 1938 somnium
1465 1905 1521 1945 3¹,

195 1956 388 1995 praesentia
416 1954 527 1984 omnia
557 1952 665 1983 PCDB
673 1953 700 1988 ’ἢ
855 1953 920 1992 396
943 1953 1039 1992 proui
1077 1952 1110 1982 P
1135 1952 1170 1992 (i.
1183 1962 1206 1982 e.
1240 1951 1347 1992 probi,
1377 1950 1524 1992 vulgaris

184 1999 317 2040 forma)
336 1999 453 2038 (prout
470 1997 527 2036 3¹,
549 1998 646 2036 prodi
665 1995 800 2037 PCDB‘2)
915 2006 979 2035 397
1005 1996 1149 2035 gesserit
1164 1995 1198 2026 Ρ
1309 1995 1375 2034 398
1391 2004 1469 2025 num
1486 1994 1519 2024 A

195 2052 260 2082 399
277 2053 306 2073 o.
321 2042 449 2073 ubisset
463 2041 533 2080 (ubi
548 2041 630 2072 isset
643 2039 777 2078 Pwffl)
790 2040 823 2070 P
833 2041 910 2080 (pro
923 2051 953 2071 o.
968 2040 1022 2070 ubi
1035 2040 1100 2070 siet
1111 2039 1136 2079 3)
1228 2049 1294 2078 400
1312 2049 1409 2078 quam
1425 2038 1521 2078 (qua)

196 2087 292 2116 eliam
318 2086 350 2116 P
365 2089 400 2115 ut
415 2085 476 2116 vid.
497 2085 589 2124 (quia
606 2084 646 2122 Β,
666 2085 763 2124 quasi
785 2083 923 2123 pan-z)
1058 2093 1118 2118 401
1147 2092 1184 2113 es
1206 2093 1270 2114 om.
1290 2082 1323 2112 A
1457 2091 1522 2120 402

197 2140 262 2160 om.
281 2130 313 2159 P
440 2139 504 2168 403
529 2129 561 2159 id
578 2128 660 2169 iarn]
679 2138 752 2158 earn
771 2127 802 2157 P
887 2126 1001 2157 arbitri
1021 2125 1100 2165 (8¹)
1120 2126 1170 2157 vel
1179 2125 1349 2157 arbitraris
1366 2124 1519 2163 (pcnff)

198 2173 246 2204 vel
256 2174 364 2213 polius
381 2173 484 2203 arbit?
502 2173 535 2212 (i.
548 2183 571 2204 e.
590 2173 673 2205 -rorl
688 2172 720 2202 Ρ
806 2172 837 2201 h.
856 2171 980 2211 opinor
999 2170 1140 2200 obsecro
1159 2175 1236 2209 (pro
1252 2169 1346 2207 sero)
1359 2168 1392 2199 P
1475 2168 1527 2198 vcl

199 2217 302 2256 opino
433 2227 497 2255 404
522 2215 662 2255 respicis
677 2216 706 2246 si
726 2212 877 2254 (PCDB'2)
895 2214 945 2245 vel
962 2214 1115 2253 resipisci
1133 2213 1211 2253 (3¹)
1231 2212 1264 2243 P
1347 2212 1522 2243 deuenerit

199 2261 256 2291 A:
293 2260 350 2300 [ob
375 2259 507 2299 oculos]
539 2270 590 2289 ιω·
613 2261 694 2297 4053
723 2258 878 2298 prouenit
902 2256 935 2287 P
953 2261 989 2287 ut
1011 2256 1073 2288 vid.
1102 2257 1264 2295 (creuerit
1290 2255 1345 2293 13¹,
1365 2255 1523 2295 peruenit

200 2304 341 2339 PCDB'J)
448 2303 560 2341 pernis
588 2301 621 2332 P
647 2306 741 2342 (cot-r.
776 2301 837 2338 3²)
1001 2310 1064 2339 405
1089 2300 1148 2341 mi]
1183 2301 1276 2340 prius
1307 2298 1341 2329 P
1364 2299 1419 2341 (ex
1442 2299 1521 2338 4043

200 2348 364 2387 optigissc
381 2346 413 2377 Ρ
428 2350 463 2376 ut
478 2346 541 2376 vid.
667 2347 732 2384 406
756 2346 890 2385 planum
908 2344 963 2374 hic
981 2355 1010 2384 q.
1031 2343 1063 2373 P
1148 2344 1226 2374 hinc
1243 2343 1276 2374 P
1394 2342 1525 2382 407-66

138 2400 142 2404 ·
201 2391 284 2422 deest
305 2390 336 2420 A
427 2400 489 2429 407
515 2390 582 2420 uidi
608 2399 681 2419 eam
704 2389 934 2419 (ameum-ius:
969 2388 1098 2418 uideam
1124 2386 1188 2419 cod.
1323 2386 1388 2426 408
1412 2391 1524 2416 nostra

204 2436 284 2479 (nos
299 2434 358 2474 13²)
378 2444 407 2475 p.
430 2433 574 2475 perdidit
591 2433 656 2464 cod.
676 2444 681 2462 :
705 2444 783 2464 corr.
805 2431 1015 2463 Canu-rarius
