1747 2740
146 131 216 172 IV.
240 132 287 170 iii
650 131 696 169 T.
732 130 913 170 MACCI
947 129 1152 168 PLAVTI

184 255 224 280 10
245 245 316 284 CA.
348 252 388 283 at
407 243 439 283 si
460 257 597 283 uerum
620 243 672 281 mi
693 242 798 281 eritis
818 244 955 289 fassae,
978 241 1119 281 uinclis
1138 240 1406 281 exsoluemini.

246 312 311 348 D1.
344 310 561 350 etiamnum
583 308 679 359 quid
701 308 749 347 sit
770 308 903 359 negoti
924 309 1043 347 falsus
1065 307 1316 358 incertusque
1336 321 1435 354 sum,
1601 307 1669 352 785

242 375 316 414 nisi
337 375 430 426 quia
450 374 572 414 timeo
593 382 735 421 tamen,
760 381 917 424 egomet
936 371 1065 425 (quia)
1083 374 1193 424 quod
1214 372 1376 423 peccaui
1397 371 1490 411 scio.

243 442 315 481 CA.
349 439 528 479 omnium
551 439 721 490 primum
743 438 927 478 diuorsae
949 446 1168 477 state—em
1190 438 1258 485 sic,
1280 438 1381 476 istuc
1402 439 1520 486 uolo3

243 519 344 545 neue
365 505 465 544 inter
485 518 557 544 uos
579 504 817 555 significetis,
841 518 915 554 ego
936 518 1003 543 ero
1024 504 1162 555 paries.
1221 505 1383 554 loquere
1403 511 1456 542 tu.

183 584 222 617 15
243 574 322 610 AN.
354 570 451 621 quid
482 572 651 620 loquar?
727 570 798 610 CA.
832 569 929 620 quid
960 583 1084 620 puero
1115 570 1310 616 factumst,
1345 582 1433 607 mea
1462 582 1582 620 quem

1319 634 1470 685 peperit
1490 634 1580 683 filia,

241 715 331 741 meo
352 701 517 752 nepoti?
546 700 676 751 capita
696 714 823 739 rerum
846 699 1039 751 expedite.
1100 701 1182 738 AN.
1212 699 1309 739 istae
1329 699 1434 739 dedi.
1602 714 1672 750 790

242 768 314 808 CA.
347 766 424 806 iam
452 774 548 805 tace.
609 766 826 817 accepistin
848 780 1015 817 puerum
1037 768 1078 805 tii
1101 766 1152 804 ab
1173 767 1280 804 hac?
1337 767 1400 804 Sv.
1433 764 1580 816 accepi.

1380 832 1453 872 CA.
1485 839 1582 871 tace.

242 898 297 938 nil
319 912 449 937 moror
469 906 679 948 praeterea.
742 897 834 936 satis
856 911 896 936 es
919 899 1031 936 fassa.
1093 899 1157 936 Sv.
1192 897 1335 936 infitias
1357 910 1437 936 non
1459 911 1518 936 eo.

244 966 316 1005 CA.
350 965 427 1003 iam
448 965 612 1003 liuorem
635 972 718 1003 tute
739 964 910 1015 scapulis
932 964 1031 1003 istoc
1052 964 1269 1003 concinnas
1290 963 1377 1002 tuis.

184 1045 226 1068 20
244 1029 490 1069 conueniunt
510 1031 641 1068 adhuc
662 1029 866 1080 utriusque
886 1030 1018 1068 uerba.
1081 1031 1146 1068 D1.
1179 1043 1253 1068 uae
1274 1029 1416 1068 misero
1433 1028 1529 1068 mihi
1549 1032 1556 1068 ἔ

243 1109 333 1135 mea
352 1109 458 1134 nunc
480 1095 653 1134 facinora
673 1095 902 1146 aperiuntur
922 1097 1023 1134 clam
1045 1109 1148 1146 quae
1168 1094 1323 1146 speraui
1343 1096 1435 1134 fore.
1605 1109 1670 1147 793

242 1162 315 1202 CA.
348 1163 509 1212 loquere
530 1169 584 1199 tu.
644 1161 711 1212 qui
733 1162 826 1200 dare
847 1169 885 1200 te
906 1160 999 1200 huic
1015 1175 1182 1212 puerum
1203 1160 1346 1199 iussit?
1409 1162 1489 1199 AN.
1520 1174 1585 1200 era

1341 1226 1464 1265 maior
1484 1240 1583 1265 mea.

242 1294 314 1334 CA.
338 1292 435 1343 quid
456 1300 511 1341 tu,
528 1306 601 1342 qur
621 1306 712 1331 eum
733 1292 952 1343 accepisti?
1010 1294 1074 1332 Sv.
1098 1292 1163 1331 era
1184 1293 1276 1331 med
1297 1291 1423 1331 orauit
1444 1291 1584 1339 minor,

243 1372 339 1409 puer
360 1358 415 1397 uti
436 1360 599 1397 ferretur
619 1372 746 1408 eaque
767 1366 809 1396 ut
830 1359 1050 1397 celarentur
1070 1358 1215 1397 omnia.

184 1435 224 1468 25
244 1425 319 1465 CA.
354 1425 516 1475 loquere
550 1432 602 1462 tu.
663 1423 760 1474 quid
793 1437 841 1462 eo
881 1423 1006 1462 fecisti
1045 1426 1198 1474 puero?
1255 1425 1320 1463 Sv.
1366 1425 1417 1464 ad
1456 1438 1586 1464 meam

1323 1503 1429 1528 eram
1449 1489 1584 1529 detuli.

243 1556 315 1597 CA.
348 1555 446 1606 quid
466 1569 514 1595 eo
536 1569 659 1607 puero
682 1563 750 1594 tua
772 1569 838 1595 era
860 1555 981 1595 facit?
1046 1557 1110 1595 Sv.
1145 1569 1233 1595 erae
1254 1569 1367 1595 meae
1387 1557 1586 1607 extemplo
1605 1560 1675 1595 800

1463 1621 1583 1661 dedit.

288 1729 349 1767 784
373 1728 483 1758 uineis
501 1728 640 1759 exsolue
658 1728 738 1759 mihi
763 1729 829 1760 cocl.
846 1740 853 1760 ε
877 1740 956 1760 corr.
983 1729 1158 1771 Angelius,
1174 1728 1389 1760 Camerarius
1524 1730 1585 1770 785

242 1773 344 1803 etiam
371 1782 551 1811 numquam
577 1773 620 1803 sit
649 1773 776 1811 negotii
806 1773 903 1804 fassis
935 1772 1022 1805 cod.:
1058 1785 1136 1804 corr.
1168 1773 1390 1807 Camerarius.
1422 1773 1586 1814 Angelius

243 1818 306 1856 786
329 1821 441 1847 tamen
471 1827 538 1855 ego
564 1822 622 1847 net
641 1817 717 1857 <nec
735 1817 824 1847 pem
859 1818 938 1857 quid
969 1828 1060 1857 pecc.
1093 1817 1186 1848 cod.:
1210 1828 1290 1849 corr.
1318 1818 1494 1859 Kicssling,
1519 1816 1586 1849 Leo

243 1862 304 1899 787
330 1861 463 1891 diuersa
479 1865 531 1891 est
545 1865 599 1891 ete
616 1871 669 1891 em
687 1860 752 1892 cod.
773 1873 779 1891 :
804 1872 887 1892 corr.
907 1861 1121 1892 Camerarius
1279 1862 1340 1901 788
1364 1872 1452 1893 neue
1471 1861 1584 1893 Came-

243 1905 374 1935 rarius:
401 1915 444 1934 ne
472 1904 538 1936 cod.
653 1904 674 1936 1.
701 1910 736 1936 tu
764 1904 864 1937 Ital.:
890 1905 1086 1945 loqueretur
1115 1904 1180 1937 cod.
1341 1907 1404 1947 789
1428 1906 1586 1937 factumst

246 1948 479 1979 Camerarius:
505 1949 654 1979 datumst
672 1950 802 1987 (datum
821 1950 863 1980 sit
880 1949 925 1985 Β)
945 1949 1009 1980 cod.
1120 1960 1183 1989 790
1206 1947 1315 1992 (ede)
1337 1950 1497 1990 expedite
1519 1949 1586 1980 Leo

247 1991 319 2031 (scd
340 1992 378 2030 cf.
401 1991 539 2032 Sejiffcrt
561 1992 647 2025 Berl.
671 1992 758 2024 Plu'l.
791 1993 897 2025 Woch.
923 1994 1016 2032 1897.
1038 2003 1068 2033 p.
1091 1995 1169 2033 715)
1260 1993 1352 2024 dedit
1376 1993 1442 2024 cod.
1463 2005 1470 2024 :
1504 2004 1582 2024 corr.

245 2035 378 2066 Merula
511 2047 570 2076 791
598 2038 756 2077 accepisti
783 2038 813 2068 in
839 2036 906 2068 cod.
1007 2038 1138 2077 accepit
1155 2035 1220 2067 cod.
1357 2047 1420 2077 792
1444 2043 1495 2068 est
1517 2037 1582 2069 cod.

247 2090 308 2119 793
333 2085 404 2111 tute
422 2091 466 2112 sc.
490 2080 723 2112 Camerarius:
748 2088 804 2112 ute
821 2080 949 2121 capulis
969 2081 1036 2112 cod.
1064 2082 1115 2120 mſs
1135 2081 1183 2111 ad
1196 2082 1275 2111 8165
1292 2093 1299 2112 z
1323 2081 1428 2112 uerbo
1447 2091 1492 2112 se.
1520 2081 1586 2112 Leo

247 2134 306 2172 794
325 2124 460 2155 adhunc
472 2124 536 2156 cod.
598 2127 729 2165 utrique
746 2128 786 2159 (ἳῖ
801 2124 866 2156 Leo
928 2135 991 2156 uae
1006 2125 1136 2155 Merula
1155 2136 1162 2155 :
1188 2130 1264 2155 tuae
1276 2124 1342 2157 cod.
1392 2125 1471 2155 mihi
1485 2125 1583 2156 ltal.:

247 2169 310 2198 nisi
328 2167 393 2199 cod.
541 2170 604 2208 796
636 2170 701 2201 huc
726 2169 815 2200 cod:
848 2180 925 2200 corr.
957 2169 1086 2199 Merula
1188 2169 1236 2199 ira
1262 2168 1326 2200 cod.
1477 2169 1585 2208 797-8

245 2212 313 2242 secl.
339 2212 476 2252 Langen
613 2223 674 2252 797
699 2224 756 2244 era
775 2214 850 2243 med
868 2213 977 2244 orauit
1012 2213 1060 2243 vel
1080 2223 1131 2242 me
1154 2212 1328 2251 rogitauit⁸›
1345 2211 1467 2243 Bothe:
1492 2222 1583 2243 eram

247 2266 305 2286 ero
319 2257 366 2286 uit
380 2257 447 2287 cod.
535 2257 597 2295 708
615 2262 648 2286 ut
681 2258 725 2287 ita
743 2257 824 2292 cod.)
841 2257 903 2286 sibi
920 2257 940 2288 f.
962 2256 1086 2296 Ussing
1101 2269 1107 2287 τ
1133 2262 1168 2287 ut
1181 2256 1359 2287 afferretur
1374 2256 1586 2286 Camerarius

246 2301 393 2330 omniam
412 2300 443 2329 Β
548 2311 610 2337 709
634 2311 727 2330 erem
745 2299 810 2331 rod.
830 2304 866 2330 u!
881 2299 943 2331 vid.
980 2310 1047 2329 rem
1064 2299 1136 2329 ΡΠ)
1243 2300 1309 2330 800
1332 2299 1438 2338 quiite
1455 2309 1583 2339 opuero

249 2344 317 2382 (cui
338 2349 371 2375 te
396 2354 504 2384 puero
526 2343 613 2381 ΡΨ)
632 2349 690 2375 tuo
705 2344 771 2374 cod.
790 2355 796 2374 :
820 2354 899 2374 corr.
922 2343 1133 2374 (anu-rarius
1237 2343 1316 2374 fecit
1333 2343 1406 2374 Ital.
1509 2352 1583 2374 mea

248 2386 314 2418 cod.
