1747 2740
170 99 224 137 11.
246 99 305 136 vii
661 102 707 138 T.
742 101 923 140 MACCI
955 102 1160 140 PLAVTI

245 223 361 250 meon
390 209 491 264 [ero]
518 220 573 259 tur,
595 211 773 262 inprobe,
794 226 860 251 ero
888 214 989 252 male
1016 213 1148 253 dicere
1170 212 1314 267 (nunc)
1335 216 1472 263 audes,
1493 217 1581 254 fons

1262 280 1331 319 uiti
1353 289 1391 320 et
1411 281 1549 332 peiiuri
1566 283 1583 319 ?

242 343 389 380 STRAT.
414 343 578 381 uerbum
598 356 720 381 unum
742 344 847 381 adde
868 343 967 382 istoc
987 360 993 382 z
1024 344 1101 382 iam
1123 346 1254 384 hercle
1274 359 1348 396 ego
1369 354 1406 385 te
1427 346 1492 385 hic
1509 348 1582 385 hac

1186 410 1335 449 offatim
1357 411 1578 450 conficiam.

243 472 315 512 Cv.
348 479 463 522 tange
484 474 618 520 modo,
634 473 711 512 iam
732 487 805 523 ego
829 474 920 524 (te)
940 474 1003 513 hic
1023 488 1169 525 agnum
1190 475 1331 515 faciam
1349 484 1387 515 et
1403 476 1580 516 medium

1310 541 1578 581 distruncabo.

243 602 273 641 si
295 610 336 642 tu
356 603 501 653 legioni
523 604 688 643 bellator
708 605 826 652 clues,
844 611 883 643 at
904 618 977 655 ego
997 605 1152 645 culinae
1172 607 1297 645 clueo.
1598 610 1664 655 615

181 670 221 712 65
244 670 318 706 PH.
342 669 373 707 si
385 682 556 719 aequom
574 669 702 717 facias,
721 671 957 709 aduentores
974 684 1084 710 meos
1099 670 1216 724 (non)
1229 672 1395 720 incuses,
1410 686 1580 724 quorum

242 734 338 772 mihi
359 735 466 773 dona
485 742 649 785 accepta
669 742 707 773 et
727 743 835 786 grata
858 737 997 784 habeo,
1022 744 1169 788 tuaque
1195 737 1354 789 ingrata,
1378 752 1480 789 quae
1508 752 1578 789 aps

1371 811 1409 843 te
1429 804 1576 855 accepi.

240 866 388 904 STRAT.
420 873 503 903 tum
535 867 601 916 pol
631 879 705 916 ego
734 873 772 904 et
802 866 918 905 donis
949 867 1123 918 priuatus
1153 882 1240 907 sum
1270 877 1309 908 et
1333 869 1440 920 perii.
1499 872 1574 910 ΡΗ.

1245 936 1362 985 plane
1383 935 1484 974 istuc
1504 944 1574 976 est.

238 997 310 1036 Cv.
342 996 439 1047 quid
469 1011 575 1036 nunc
605 1010 697 1048 ergo
731 997 807 1045 hic,
840 998 989 1046 odiose,
1022 1000 1146 1048 sedes,
1179 1000 1370 1040 confectis
1400 1001 1577 1041 omnibu'

1428 1068 1545 1107 rebus
1561 1070 1578 1107 ?

238 1130 386 1168 STRAT.
418 1128 515 1179 perii
545 1130 676 1168 hercle
706 1129 837 1177 hodie,
869 1130 943 1168 nisi
973 1132 1080 1170 hune
1109 1145 1132 1170 a
1161 1139 1199 1170 te
1225 1131 1352 1182 abigc').
1413 1133 1484 1173 (ΣΥ.
1516 1147 1577 1173 ac·
1594 1139 1665 1174 620

882 1197 981 1235 cede
1001 1197 1079 1235 huc
1100 1199 1233 1246 modo,
1255 1198 1322 1237 adi
1341 1199 1464 1238 m6do
1485 1200 1574 1239 huc.

180 1271 221 1307 70
239 1261 387 1299 STRAT.
420 1259 549 1307 etiam,
573 1261 691 1298 scelu'
713 1259 796 1308 uiri,
821 1259 1030 1300 minitare?
1069 1275 1188 1312 quem
1215 1275 1289 1312 ego
1318 1263 1468 1302 offatim
1498 1264 1575 1303 iam

1076 1326 1154 1364 iam
1177 1325 1289 1380 [iam]
1311 1328 1571 1380 concipilabo.

343 1391 440 1441 quid
460 1390 531 1430 tibi
554 1392 631 1429 huc
652 1390 788 1429 uentio
810 1392 900 1429 est?
929 1391 1026 1442 quid
1048 1392 1118 1431 tibi
1139 1393 1241 1431 hanc
1261 1393 1385 1432 aditio
1405 1397 1494 1433 est?

343 1456 440 1506 quid
461 1455 532 1494 tibi
554 1457 656 1495 hanc
677 1455 789 1495 notio
810 1464 878 1504 est,
903 1456 1080 1507 inquam,
1100 1457 1268 1496 amicam
1290 1461 1452 1498 meam?

344 1521 534 1560 emoriere
554 1521 675 1568 ocius,
700 1521 739 1559 ni
760 1535 880 1560 manu
902 1521 1052 1560 uiceris.

345 1589 416 1627 (ΞΥ.
440 1587 550 1638 quid,
568 1601 687 1625 manu
709 1586 902 1626 uicerim?
931 1589 1079 1626 STRAT.
1103 1590 1163 1626 fac
1184 1590 1293 1638 quod
1314 1589 1419 1637 iussi,
1442 1604 1569 1630 mane.
1591 1592 1657 1636 625

177 1663 216 1698 75
290 1653 367 1692 iam
397 1666 471 1704 ego
506 1661 543 1691 te
578 1652 642 1691 hic
675 1653 825 1692 offatim
859 1653 1068 1692 conficiam
1086 1669 1094 1701 3
1128 1653 1315 1707 <6ffatim>
1347 1655 1476 1694 occidi
1506 1670 1573 1707 op-

1326 1727 1479 1759 tumum
1501 1731 1570 1760 est.

278 1824 342 1854 612
366 1823 443 1864 imp.
456 1829 490 1856 et
507 1825 616 1856 omale
631 1825 731 1866 <male
754 1824 842 1862 PCD)
858 1825 887 1855 d.
917 1825 1022 1855 audes
1046 1824 1129 1855 cod.:
1167 1825 1303 1858 correxi:
1337 1825 1497 1865 (Meone)
1515 1827 1572 1858 im-

234 1867 339 1906 probe
357 1872 403 1905 tu,
424 1868 512 1899 male
528 1869 641 1900 dicere
654 1879 713 1900 ero
725 1869 831 1900 audes
844 1867 910 1899 Leo
986 1869 1050 1907 613
1065 1868 1241 1900 conficiam
1255 1868 1389 1910 Lipsius
1403 1881 1410 1900 :
1427 1871 1571 1902 officiam

233 1911 323 1942 cod.:
352 1913 485 1950 offigam
509 1912 636 1944 Schoell
785 1913 849 1951 614
874 1918 906 1943 te
933 1911 1008 1943 add.
1038 1911 1116 1943 Ital.
1241 1914 1304 1952 615
1328 1914 1357 1944 si
1381 1918 1416 1944 tu
1441 1914 1570 1954 legioni

236 1955 338 1995 (-nei)
360 1957 494 1996 scripsi:
520 1957 562 1987 sit
585 1957 812 1996 uellegionem
837 1956 925 1987 cod.:
958 1957 986 1986 si
1011 1961 1046 1986 tu
1075 1956 1238 1987 Bellonae
1262 1956 1392 1988 Sclzoell
1477 1958 1570 1990 clues

235 1998 470 2030 Camerarius:
496 2000 582 2031 ciuis
602 2001 666 2032 cod.
733 2000 864 2031 culinae
881 2000 988 2037 (Cum
1001 2000 1143 2030 Sclzoell:
1170 2000 1204 2030 in
1223 2001 1335 2031 culina
1351 2001 1418 2033 cod.
1473 2003 1570 2034 clueo

236 2042 469 2074 Camerarius:
494 2045 567 2075 ciue
583 2045 648 2076 cod.
784 2045 848 2074 616
871 2054 937 2074 non
960 2043 1035 2074 add.
1057 2043 1131 2074 Ital.
1265 2045 1328 2083 617
1352 2045 1411 2076 abs
1433 2050 1466 2076 te
1481 2056 1569 2086 quae

234 2085 402 2127 Kiessling
417 2099 423 2117 :
436 2088 518 2128 fhrt.
540 2088 662 2120 delenti.
678 2089 736 2120 abs
748 2094 791 2123 te.
809 2091 846 2117 ut
860 2088 1062 2127 scplenam'ns
1070 2088 1138 2126 fiat
1225 2088 1290 2128 619
1306 2089 1424 2120 odiose
1441 2089 1566 2130 (-osse)

233 2130 335 2161 sedes
358 2132 474 2172 scripsi
497 2132 704 2164 dubitanter:
730 2133 864 2163 odiosse
884 2138 971 2169 cose
1000 2130 1089 2162 pem
1119 2142 1156 2162 es
1175 2132 1286 2171 (odies
1312 2143 1388 2163 sees
1416 2132 1463 2165 BN
1481 2133 1568 2165 cod:

233 2174 386 2204 odiosu's
403 2175 570 2216 Kr'essling
663 2177 744 2216 som.
765 2187 794 2207 0.
809 2184 928 2205 manes
944 2175 1156 2212 (odiosefies)
1237 2175 1397 2207 consectis
1412 2177 1568 2208 omnibus

234 2218 334 2248 rebus
358 2217 524 2260 Spengel:
549 2220 725 2251 consessus
751 2231 782 2251 o.
810 2223 884 2249 teus
911 2218 1001 2249 cod:
1027 2219 1203 2249 confessus
1237 2220 1376 2251 omnino
1399 2230 1476 2251 reus
1499 2220 1568 2252 Leo

232 2263 298 2292 620
321 2272 389 2294 ace.
412 2264 500 2293 hunc
517 2273 557 2294 m.
575 2275 602 2295 a.
624 2265 688 2295 huc
706 2265 806 2294 modo
822 2262 889 2293 cod.
912 2274 918 2292 :
943 2263 1066 2291 correi-i
1150 2264 1210 2293 621
1231 2264 1301 2293 ueri
1314 2263 1378 2294 cod.
1397 2266 1490 2302 (corr.
1510 2264 1566 2303 Ο)

233 2305 297 2335 iam
317 2309 383 2336 tert.
400 2306 458 2337 del.
473 2306 546 2338 Ital.
641 2310 704 2347 623
723 2308 838 2338 noetio
854 2311 904 2336 est
919 2316 1076 2345 umquam
1090 2305 1122 2336 B
1208 2308 1271 2345 624
1288 2307 1321 2337 ni
1335 2306 1565 2338 Studcmmtd:

233 2348 260 2379 si
286 2349 354 2380 cod.
375 2352 469 2390 &pro
487 2351 521 2381 ni
540 2362 621 2381 corr.
642 2353 722 2390 nisi)
856 2351 921 2380 626
944 2349 1074 2380 offatim
1093 2348 1210 2380 addidi
1328 2351 1435 2382 occidi
1463 2351 1563 2383 Ital.:

233 2393 355 2424 occidit
372 2393 435 2425 cod.
458 2406 464 2424 :
488 2395 597 2425 occidi
616 2400 649 2426 te
665 2394 836 2426 Buecheler
