1747 2740
627 132 975 172 TRINVMMVS
1393 132 1469 171 III.
1492 131 1521 169 ii

140 242 322 283 insanum
346 242 417 297 [et]
440 245 625 283 malumst
646 244 684 282 in
707 243 923 295 hospitium
944 243 1099 283 deuorti
1119 244 1171 282 ad
1193 242 1445 293 Cupidinem.

140 310 210 349 sed
232 317 270 348 te
291 323 436 349 moneo
458 310 535 348 hoc
555 309 672 348 etiam
693 317 813 360 atque
840 309 958 348 etiam
987 316 1029 347 ut
1054 316 1210 359 reputes
1232 308 1327 358 quid
1349 309 1476 346 facere

1304 380 1473 423 expetas.

52 443 119 488 675
141 439 172 477 si
194 439 308 488 istuc,
329 447 371 479 ut
392 454 546 488 conare,
570 440 664 479 facis
686 439 940 487 †indicium†‚
964 447 1074 478 tuom
1098 438 1287 477 incendes
1309 452 1458 488 genus3

141 512 224 542 tum
247 504 361 555 igitur
381 504 451 544 tibi
472 505 587 555 aquai
609 505 680 544 erit
701 505 848 556 cupido
869 505 984 555 genu'
1005 503 1072 554 qui
1094 503 1311 554 restinguas
1333 511 1455 549 tuom,
1497 520 1538 551 50

139 577 259 620 atque
280 571 312 608 si
332 569 405 609 eris
426 577 575 617 nactus,
600 570 766 620 proinde
786 577 829 608 ut
849 570 968 608 corde
987 576 1166 607 amantes
1187 576 1278 607 sunt
1298 568 1385 616 cati,

141 648 191 673 ne
211 634 421 673 scintillam
443 634 605 685 quidem
628 635 824 686 relinques
845 635 961 686 genu'
982 633 1050 685 qui
1072 633 1287 683 congliscat
1310 641 1431 673 tuom.

143 701 213 738 LE.
237 699 387 738 facilest
408 699 574 738 inuentu
594 716 600 739 :
631 702 745 740 datur
767 699 880 750 ignis,
894 707 973 738 tam
996 698 1069 738 etsi
1089 700 1140 738 ab
1161 698 1324 738 inimico
1345 707 1465 750 petas.

53 769 124 804 680
142 765 212 804 sed
233 772 275 803 tu
296 764 507 815 obiurgans
529 779 592 804 me
612 779 634 803 a
655 765 826 816 peccatis
847 764 940 815 rapi’
961 764 1196 804 deteriorem
1218 764 1257 803 in
1281 764 1396 803 uiam.

143 844 272 870 meam
304 838 347 869 ut
376 844 549 870 sororem
585 831 655 870 tibi
687 832 779 870 dem
814 831 957 870 suades
991 830 1076 869 sine
1105 831 1210 869 dote.
1269 832 1368 869 aha!
1399 844 1480 868 non
1501 845 1540 876 55

1292 895 1481 934 conuenit

144 976 217 1009 me,
242 961 308 1013 qui
329 962 476 1000 abusus
498 976 583 1000 sum
607 969 757 1000 tantam
779 976 861 1001 rem
884 961 1061 1013 patriam,
1085 975 1201 1012 porro
1224 961 1262 1000 in
1285 961 1391 1000 ditiis

143 1041 229 1066 esse
262 1041 479 1078 agrumque
510 1028 666 1075 habere,
702 1041 814 1078 egere
847 1027 952 1065 illam
984 1035 1132 1075 autem,
1167 1035 1209 1065 ut
1245 1041 1307 1066 me
1343 1026 1482 1066 merito

1341 1092 1479 1132 oderit.

145 1171 364 1209 numquam
385 1157 457 1197 erit
477 1157 615 1197 alienis
636 1157 755 1208 graui’
777 1157 845 1208 qui
866 1157 945 1196 suis
967 1171 1008 1196 se
1030 1157 1244 1197 concinnat
1266 1159 1406 1197 leuem.

56 1230 122 1276 685
144 1223 245 1262 sicut
265 1223 345 1262 dixi
367 1223 507 1262 faciam
525 1240 531 1262 ;
562 1225 656 1262 nolo
678 1231 715 1262 te
736 1223 869 1262 iactari
891 1223 1049 1262 diutius.

146 1290 216 1327 Lv.
249 1296 359 1328 tanto
380 1289 538 1328 meliust
558 1297 596 1328 te
617 1288 760 1328 sororis
781 1302 920 1328 caussa
940 1296 1153 1340 egestatem
1176 1289 1337 1339 exsequi
1502 1296 1545 1329 60

144 1362 264 1406 atque
302 1368 393 1394 eum
431 1368 567 1405 agrurn
608 1368 671 1394 me
694 1349 856 1393 'habere
895 1367 1015 1404 quam
1050 1362 1101 1403 te,
1134 1361 1201 1393 tua
1234 1354 1301 1405 qui
1341 1356 1482 1394 toleres

1297 1420 1484 1459 moenia?

147 1488 217 1525 LE.
250 1487 344 1526 nolo
368 1499 441 1537 ego
466 1485 562 1524 mihi
591 1493 628 1525 te
656 1493 735 1524 tam
766 1484 990 1536 prospicere
1017 1485 1084 1536 qui
1110 1499 1238 1525 meam
1270 1493 1484 1536 egestatem

1365 1553 1484 1599 leues,

147 1619 218 1657 sed
239 1625 281 1656 ut
302 1617 416 1668 inops
437 1618 594 1657 infamis
615 1631 665 1657 ne
687 1617 771 1663 sim,
796 1631 846 1655 ne
867 1616 920 1654 mi
942 1618 1044 1656 hanc
1066 1618 1210 1655 famam
1233 1617 1424 1665 differant,

58 1687 130 1734 690
149 1698 212 1723 me
232 1697 458 1734 germanam
480 1697 610 1723 meam
631 1696 805 1722 sororem
827 1682 867 1720 in
888 1682 1199 1722 concubinatum
1220 1682 1302 1730 tibi,

148 1748 179 1788 si
201 1748 284 1788 sine
306 1749 400 1787 dote
419 1747 557 1800 (dem),
580 1748 738 1787 dedisse
760 1747 875 1799 magi'
891 1761 1010 1798 quam
1033 1747 1072 1785 in
1095 1747 1401 1786 matrimonium.
1506 1754 1546 1796 ⁶5

147 1814 235 1865 quis
257 1827 320 1852 me
341 1813 543 1864 inprobior
563 1813 816 1863 perhibeatur
836 1827 922 1852 esse
939 1815 956 1852 ?
984 1814 1083 1852 haec
1104 1812 1346 1863 famigeratio

147 1880 185 1919 te
206 1881 400 1928 honestet,
424 1893 487 1919 me
508 1881 807 1927 conlutulentet,
831 1879 862 1918 si
884 1880 968 1919 sine
989 1881 1084 1919 dote
1105 1879 1261 1919 duxeris
1280 1895 1287 1918 :

1337 1994 1352 2010 Ε

190 2020 254 2058 673
281 2019 469 2049 insanumst
486 2023 519 2048 et
536 2017 658 2050 malum
677 2018 749 2049 PCD
767 2019 818 2059 (et
838 2020 969 2050 ‘ortum
983 2030 1022 2050 ex
1032 2022 1210 2050 correctura
1228 2018 1394 2049 insanum’
1407 2017 1487 2056 Leo)

148 2062 295 2102 hospitio
320 2061 392 2101 (del.
409 2062 458 2101 in)
479 2061 614 2093 Mueller
743 2064 808 2102 675
832 2062 990 2094 incidium
1016 2063 1096 2104 TO)
1116 2075 1122 2093 :
1143 2062 1300 2094 iudicium
1320 2062 1379 2093 alii
1465 2063 1486 2093 s.

149 2106 307 2137 incendio
326 2106 391 2138 inc.
409 2104 542 2136 Nitssclz
646 2108 711 2146 676
734 2117 841 2146 aquae
866 2107 931 2137 erit
949 2107 1089 2138 Donsa:
1113 2107 1245 2146 aquerit
1266 2106 1333 2137 cod.
1425 2108 1489 2145 677

148 2150 176 2181 si
194 2150 262 2181 eris
278 2149 358 2180 Rei:
373 2161 380 2179 ι
405 2150 469 2180 erit
485 2150 513 2180 si
528 2150 595 2181 cod.
730 2151 796 2190 679
820 2155 933 2181 tamen
951 2156 985 2181 et
998 2151 1025 2181 si
1050 2149 1115 2182 cod.
1222 2151 1377 2182 inimicos
1400 2150 1466 2182 cod.
1484 2162 1491 2181 :

150 2205 229 2225 corr.
260 2193 388 2224 Ritsclel
518 2195 584 2225 680
608 2194 697 2234 rapis
723 2193 797 2226 Ital.
820 2206 826 2225 t
861 2195 989 2234 rapidis
1016 2194 1079 2224 cod.
1110 2199 1155 2233 (v.
1184 2195 1219 2233 8)
1364 2195 1425 2225 681
1455 2200 1490 2225 ut

153 2238 250 2278 opit:
267 2249 274 2268 τ
299 2239 349 2268 uis
366 2236 450 2269 coc-{z
477 2237 536 2268 del.
558 2238 692 2269 Gm'etns
825 2239 889 2277 685
914 2238 1000 2269 dixit
1014 2237 1081 2269 cod.
1217 2240 1343 2277 686-91
1366 2242 1442 2279 post
1458 2249 1486 2270 v.

151 2291 214 2320 705
230 2282 323 2312 iterat
337 2281 402 2311 cod.
421 2282 470 2320 (ii.
491 2283 528 2313 65
649 2283 715 2312 686
738 2287 858 2313 tanton
877 2282 1005 2312 Rstschl
1127 2283 1188 2321 691
1208 2283 1287 2313 doto
1304 2282 1354 2312 vel
1375 2282 1487 2312 dotem

149 2325 181 2355 B
293 2326 369 2356 dem
396 2324 472 2356 add.
492 2325 592 2356 Klotz
694 2326 744 2356 vc!
759 2337 856 2366 mage
1033 2327 1140 2365 692—4
1162 2330 1238 2366 post
1260 2338 1289 2357 v.
1314 2337 1374 2365 704
1399 2327 1491 2356 iterat

149 2368 215 2399 cod.
233 2369 280 2408 (ii.
302 2370 338 2408 6>
449 2370 514 2409 692
540 2369 743 2401 famiseratio
764 2370 832 2401 cod.
856 2372 949 2411 (corr.
967 2370 1000 2400 in
1023 2370 1089 2400 loco
1105 2370 1235 2408 iterato)
1346 2372 1409 2409 693
1436 2379 1489 2400 me

150 2412 296 2453 [autem]
315 2423 341 2444 c.
373 2411 439 2443 cod.
465 2414 514 2453 (in
533 2412 599 2444 loco
622 2414 747 2455 iterato)
876 2425 930 2444 me
955 2414 1005 2454 (et
1031 2416 1100 2456 me)
1126 2414 1311 2445 conlutulet
1340 2419 1375 2445 et
1398 2413 1485 2445 codd.

148 2455 252 2487 Nonii
266 2457 308 2495 84
