1747 2740
154 153 223 190 IV.
247 152 295 189 iv
663 153 711 190 T.
744 152 927 191 MACCI
960 152 1165 191 PLAVTI

206 279 222 308 5
246 263 338 302 SAG.
376 262 472 313 quid
502 261 543 301 id
573 262 681 312 quod
712 261 875 300 uidisti?
909 269 952 300 ut
981 262 1177 301 munitum
1209 275 1323 301 muro
1353 262 1422 301 tibi
1454 262 1582 302 uisum

1323 328 1584 378 oppidumst?

243 395 307 431 V1.
338 393 369 431 si
384 392 536 432 incolae
550 393 653 431 bene
667 399 757 430 sunt
773 391 923 439 morati,
940 391 980 430 id
996 393 1159 442 pulchre
1174 393 1392 431 moenitum
1405 393 1579 432 arbitror.

244 458 408 509 perfidia
427 465 465 496 et
486 459 689 508 peculatus
711 471 757 495 ex
778 457 875 495 urbe
895 465 933 495 et
953 457 1114 495 auaritia
1135 457 1165 496 si
1187 459 1375 506 exsulant,
1604 467 1667 505 555

245 530 384 574 quarta
405 522 564 570 inuidia,
588 522 727 572 quinta
745 522 922 568 ambitio,
947 530 1055 561 sexta
1076 523 1323 573 optrectatio‚

245 597 470 640 septumum
492 588 844 639 peiiurium‚—To.
868 591 1013 638 eugael
1070 590 1134 626 V1.
1166 597 1307 627 octaua
1327 589 1582 640 indiligentia,

188 672 227 694 10
245 669 352 694 nona
372 654 521 702 iniuria,
545 656 772 701 decumum,
795 655 904 704 quod
926 667 1155 704 pessumum
1177 656 1413 704 adgressust‚
1431 658 1582 694 scelus:

244 722 342 759 haee
363 721 470 758 unde
488 720 667 767 aberunt,
685 733 732 757 ea
752 719 844 757 urbs
865 719 1039 757 moenita
1060 733 1173 758 muro
1190 713 1252 758 'sat
1272 720 1343 759 erit
1363 721 1528 772 simplici
1545 736 1556 769 3

243 785 311 824 ubi
332 798 378 823 ea
397 785 575 831 aderunt,
598 785 851 834 centumplex
876 797 1010 822 murus
1030 785 1146 823 rebus
1167 786 1371 824 seruandis
1392 794 1577 837 parumst.
1600 789 1669 834 560

242 853 317 889 To.
350 849 447 900 quid
470 849 526 887 ais
554 851 625 887 tu?
676 851 752 887 Do.
785 848 882 899 quid
907 849 996 887 uis?
1044 851 1117 887 To.
1150 857 1192 888 tu
1213 849 1253 888 in
1278 850 1351 889 illis
1376 864 1416 889 es
1441 852 1580 890 decem

1355 917 1581 957 sodalibus:

243 981 281 1021 te
308 981 348 1020 in
375 981 554 1020 exsilium
582 981 636 1019 ire
663 980 756 1019 hinc
784 988 949 1031 oportet.
1012 982 1088 1019 Do.
1121 981 1218 1031 quid
1242 981 1350 1021 iam?
1387 984 1461 1021 To.
1491 981 1582 1032 quia

1335 1048 1507 1098 peiiurus
1527 1061 1579 1086 es.

186 1130 226 1164 15
249 1115 325 1152 Do.
357 1113 479 1151 uerba
499 1111 661 1163 quidem
677 1113 784 1150 haud
805 1111 965 1151 indocte
986 1112 1087 1151 fecit.
1138 1114 1212 1151 To.
1246 1126 1292 1152 ex
1311 1121 1392 1161 tuo,
1408 1113 1581 1163 inquam,

1193 1186 1327 1217 usust:
1357 1192 1445 1218 eme
1466 1181 1579 1218 hanc.
1626 1177 1639 1188 '

243 1246 321 1283 Do.
353 1244 496 1294 edepol
523 1242 591 1294 qui
621 1255 743 1294 quom
774 1244 877 1282 hanc
905 1243 1019 1294 magi’
1040 1245 1280 1294 contemplo,
1304 1244 1416 1295 magi’
1438 1246 1577 1295 placet.

1142 1310 1216 1347 To.
1249 1309 1280 1348 si
1302 1311 1404 1348 hanc
1425 1310 1576 1357 emeris,

243 1375 284 1415 di
305 1375 531 1414 inmortales
549 1377 555 1413 l
586 1375 716 1413 nullus
738 1375 829 1413 leno
851 1381 888 1412 te
909 1375 1005 1412 alter
1025 1373 1096 1412 erit
1117 1375 1351 1424 opulentior.
1600 1378 1664 1424 565

244 1448 398 1480 euortes
420 1448 489 1479 tuo
509 1439 696 1479 arbitratu
717 1439 899 1479 homines
920 1439 1064 1486 fundis,
1088 1439 1244 1478 familiis
1261 1455 1270 1487 ;

244 1520 336 1545 cum
357 1505 531 1557 optumis
552 1505 644 1544 uiris
666 1518 747 1543 rem
768 1504 948 1552 habebis,
968 1505 1131 1555 gratiam
1153 1505 1313 1556 cupient
1334 1513 1442 1545 tuam
1460 1522 1467 1544 :

184 1587 225 1610 20
245 1572 405 1611 uenient
425 1572 476 1610 ad
498 1578 535 1609 te
556 1570 822 1609 comissatum.
886 1572 961 1608 Do.
993 1578 1033 1608 at
1054 1584 1127 1620 ego
1148 1570 1250 1610 intro
1271 1571 1371 1609 mitti
1399 1579 1576 1611 uotuero.

243 1640 318 1677 To.
349 1645 389 1676 at
409 1637 515 1677 enim
537 1637 591 1676 illi
612 1644 732 1676 noctu
754 1637 1022 1675 occentabunt
1043 1636 1199 1684 ostium,
1223 1646 1385 1676 exurent
1406 1639 1507 1677 sores
1525 1653 1532 1676 ε

243 1703 356 1754 proin
377 1711 418 1742 tu
440 1703 511 1742 tibi
532 1703 667 1742 iubeas
688 1702 874 1741 concludi
894 1702 1002 1741 aedis
1025 1702 1173 1741 foribus
1194 1702 1336 1751 ferreis,
1599 1714 1667 1750 570

242 1771 384 1808 ferreas
403 1769 513 1808 aedis
534 1776 766 1816 commutes,
789 1768 925 1806 limina
946 1768 1059 1807 indas
1081 1770 1212 1816 ferrea,

244 1836 406 1873 ferream
427 1847 552 1872 seram
574 1841 692 1884 atque
712 1835 885 1872 anellum
903 1849 912 1881 ;
942 1848 990 1872 ne
1012 1833 1063 1872 sis
1085 1835 1185 1873 ferro
1206 1834 1369 1885 parseris
1387 1850 1394 1873 :

185 1913 224 1946 25
245 1901 385 1939 ferreas
405 1906 488 1938 tute
508 1899 579 1937 tibi
600 1899 763 1949 impingi
786 1899 920 1937 iubeas
942 1913 1089 1938 crassas
1111 1900 1327 1950 compedis.

245 1967 322 2004 Do.
364 1965 373 2003 i
408 1964 459 2003 sis
499 1962 572 2017 [in]
608 1965 754 2003 malum
790 1964 1016 2003 cruciatum.
1076 1966 1149 2003 To.
1194 1965 1204 2002 i
1244 1978 1338 2004 sane
1375 1967 1577 2005 tii-hanc

1126 2043 1239 2077 eme3
1268 2033 1445 2069 ausculta
1467 2031 1573 2070 mihi.

284 2144 347 2175 553
372 2135 514 2166 uisumst
530 2134 693 2175 oppidum
712 2133 746 2165 P
761 2134 815 2175 (cf.
833 2133 881 2164 ad
895 2132 990 2165 Met-c.
1007 2134 1087 2174 330)
1178 2144 1240 2174 554
1267 2133 1300 2165 id
1318 2144 1381 2166 om.
1402 2134 1434 2164 P
1512 2137 1576 2175 556

240 2179 396 2220 ambitio]
425 2179 561 2210 arbitrio
587 2179 620 2209 A
756 2189 819 2218 557
844 2178 899 2208 vix
917 2178 998 2209 ΒΑΕ.
1024 2188 1130 2217 eugae
1265 2179 1329 2218 558
1352 2179 1513 2217 adgressu
1546 2179 1579 2210 P

241 2223 306 2262 iiii.
327 2224 363 2262 3‘»
497 2224 628 2262 559-60
652 2233 693 2253 ea
717 2223 797 2254 urbs
814 2247 822 2254 .
841 2247 846 2252 .
871 2246 877 2253 .
896 2223 1039 2252 adei-unt
1058 2233 1122 2253 ont.
1158 2222 1190 2252 P
1215 2223 1360 2263 (propter
1372 2223 1573 2254 homor-old]

241 2276 305 2307 559
319 2267 402 2305 fort.
425 2277 539 2298 moero
667 2267 732 2306 560
756 2267 897 2296 aberunt
910 2266 940 2295 A
1036 2266 1210 2296 inurumA
1325 2267 1389 2305 562
1415 2267 1462 2296 ire
1480 2267 1572 2307 hinc]

243 2311 308 2340 h—
324 2311 356 2340 A
378 2311 410 2349 gi.
425 2322 448 2341 e.
465 2311 543 2341 hinc
563 2312 626 2344 ire&
704 2311 767 2350 563
793 2315 887 2340 ussut
905 2309 936 2339 B
956 2313 1028 2349 (pm
1047 2315 1158 2340 ussust
1174 2311 1198 2340 U
1281 2310 1342 2347 564
1368 2309 1417 2340 vel
1431 2320 1528 2350 mage
1545 2321 1573 2341 c.

244 2365 340 2392 mage
488 2355 552 2393 568
577 2360 718 2385 uotuero
737 2354 971 2385 Cannam-sus:
998 2353 1136 2392 noluero
1161 2353 1193 2383 A
1213 2365 1219 2383 :
1243 2363 1307 2383 om.
1336 2352 1368 2382 P
1512 2364 1575 2394 572

245 2398 390 2429 anellum
409 2397 531 2428 Bothe:
557 2398 691 2428 anulum
703 2397 792 2428 codd.
894 2406 956 2435 573
982 2396 1065 2426 tulto
1091 2396 1122 2426 A
1215 2397 1374 2443 conpedis
1392 2407 1522 2428 crassas
1539 2397 1572 2427 A

246 2457 306 2487 574
334 2446 342 2476 i
359 2447 449 2477 sisin
463 2447 494 2476 A
515 2458 521 2477 :
547 2447 554 2476 i
575 2447 606 2476 in
627 2446 674 2476 P:
702 2447 733 2476 in
752 2446 882 2476 seclusi:
899 2445 978 2484 son.
1001 2444 1042 2474 in'
1133 2445 1202 2485 xm)
1220 2445 1339 2485 {name
1357 2455 1430 2475 eme
1447 2456 1498 2476 au.
1515 2445 1547 2475 A
1567 2456 1574 2476 :

247 2492 331 2522 hanc
347 2500 420 2520 eme
438 2489 510 2530 <sed
524 2500 597 2520 erne
615 2490 699 2520 lianc
724 2489 765 2529 T)
783 2495 882 2528 atque
899 2500 938 2519 au
969 2489 1000 2519 l>
