1747 2740
182 136 252 174 IV.
276 135 338 172 vii
692 134 739 170 T.
774 132 955 172 MACCI
989 132 1194 170 PLAVTI

384 248 452 285 PL.
475 246 606 285 habeo
621 245 807 296 equidem
825 245 957 284 hercle
973 245 1144 284 oculum.
1187 245 1256 282 ΡΥ.
1278 251 1319 282 at
1333 244 1491 282 laeuom
1504 240 1606 280 dico.

1336 311 1403 347 PL.
1435 309 1607 358 eloquar.

215 388 254 419 25
382 376 527 416 amoris
547 390 686 416 caussa
705 377 836 415 hercle
857 377 934 414 hoc
955 389 1028 426 ego
1049 376 1167 414 oculo
1187 382 1276 413 utor
1296 373 1436 419 minus,

383 456 475 480 nam
496 441 527 480 si
547 441 824 492 apstinuissem
845 454 1034 487 amorem,
1057 448 1259 490 tamquam
1281 441 1358 478 hoc
1378 446 1515 478 uterer.

383 508 454 545 sed
474 505 582 544 nimi'
603 513 804 544 morantur
825 518 888 543 me
908 505 987 544 diu.
1049 507 1117 543 ΡΥ.
1150 518 1265 544 eccos
1286 511 1441 543 exeunt.
1634 515 1723 550 1310

180 665 259 704 viii
458 668 819 704 PALAESTRIO
931 667 1416 704 PH1L0con1ASivm

439 734 955 770 PYRGOPOLYNICES
1086 733 1436 769 PLEVSICLES

276 822 346 859 ΡΑ.
378 819 488 869 Quid
510 818 619 857 modi
640 819 774 857 flendo
795 831 945 868 quaeso
966 818 1088 857 hodie
1108 818 1257 857 facies?
1314 819 1388 856 ΡΗ.
1421 818 1518 868 quid
1538 831 1612 869 ego

1405 883 1445 921 ni
1465 885 1580 922 fleam
1596 885 1613 922 ?

274 951 344 991 ubi
364 951 640 1002 pulcherrume
661 948 721 1000 egi
742 956 923 997 aetatem,
943 948 1037 987 inde
1063 949 1177 987 abeo.
1229 949 1298 986 ΡΑ.
1322 947 1385 987 em
1406 947 1610 987 hominem

1538 1013 1611 1053 tibi

275 1082 343 1134 qui
371 1096 395 1121 a
423 1089 547 1120 matre
576 1089 613 1119 et
644 1094 776 1119 sorore
806 1080 924 1119 uenit.
986 1081 1061 1118 PH.
1094 1079 1224 1119 uideo.
1285 1081 1353 1118 ΡΥ.
1384 1079 1518 1127 audin,
1542 1081 1612 1117 Pa-

1426 1145 1613 1184 laestrio?

276 1216 346 1253 ΡΑ.
378 1213 475 1264 quid
506 1212 594 1251 uis?
652 1213 719 1250 Pv.
753 1211 849 1262 quin
879 1219 921 1250 tu
951 1210 1064 1250 iubes
1091 1209 1228 1249 ecferri
1255 1209 1391 1249 dmniz't
1419 1223 1520 1261 quae
1549 1210 1613 1249 isti

1489 1275 1613 1314 dedi?

238 1352 254 1384 5
276 1346 343 1382 PL.
368 1342 714 1388 Philocomasium,
739 1343 857 1380 salue.
909 1343 984 1379 PH.
1017 1340 1055 1380 et
1076 1348 1118 1379 tu
1139 1342 1258 1380 salue.
1309 1342 1376 1379 PL.
1409 1348 1611 1391 materque
1634 1350 1694 1385 131
1703 1349 1720 1386 5

1445 1414 1483 1444 et
1503 1419 1613 1444 soror

275 1475 346 1513 tibi
368 1476 534 1513 salutem
556 1487 619 1512 me
641 1473 836 1511 iusserunt
857 1472 999 1511 dicere.
1061 1473 1137 1510 ΡΗ.
1169 1472 1301 1510 saluae
1322 1471 1433 1510 sient.

278 1542 344 1579 PL.
388 1548 501 1579 orant
531 1548 568 1578 te
598 1547 641 1578 ut
675 1552 751 1587 eaS,
786 1546 929 1577 uentus
964 1550 1124 1589 operam
1165 1538 1261 1576 dum
1292 1538 1370 1584 dat,
1405 1544 1448 1575 ut
1477 1538 1611 1575 uelum

1391 1602 1587 1653 explicent
1602 1617 1612 1651 ς

277 1684 369 1710 nam
391 1670 503 1709 matri
525 1669 628 1709 oculi
650 1669 680 1707 si
702 1670 888 1717 ualerent,
913 1682 1070 1708 mecum
1091 1668 1294 1707 uenissent
1314 1667 1440 1706 simul.

324 1784 472 1814 1307-22
492 1774 696 1813 paucissima
726 1773 759 1802 in
792 1773 942 1802 extremis
976 1773 1122 1803 versibus
1155 1775 1267 1803 extant
1288 1772 1323 1802 in
1349 1771 1382 1801 A
1532 1771 1613 1811 1308

271 1819 395 1849 amoris
412 1818 540 1849 Ritsclal
553 1830 560 1849 :
578 1818 680 1848 moris
694 1817 732 1856 P,
746 1817 779 1847 A
794 1828 826 1849 n.
841 1818 860 1848 l.
874 1829 880 1849 :
906 1817 1009 1847 maris
1026 1817 1154 1848 Merula
1174 1817 1244 1848 *scd
1255 1818 1312 1848 vix
1329 1817 1481 1848 herculei
1551 1828 1615 1855 ego

272 1863 347 1893 Ital.
366 1874 372 1893 ε
404 1873 468 1901 ago
488 1873 567 1900 gom.
585 1861 631 1902 B)
651 1860 691 1898 P,
707 1861 739 1890 A
756 1871 787 1892 n.
803 1861 822 1892 Ι.
915 1861 1027 1890 minus
1046 1860 1274 1891 Camerarius:
1307 1861 1431 1891 minem
1448 1860 1482 1891 Ρ
1497 1861 1551 1900 (cf
1571 1861 1618 1891 ad

275 1906 385 1947 1309),
403 1906 435 1936 A
451 1917 482 1937 n.
497 1906 516 1936 l.
652 1915 736 1943 1309
759 1904 979 1934 abstinuisset
999 1914 1046 1942 pa
1064 1910 1098 1934 et
1113 1904 1159 1934 Bi
1176 1903 1210 1934 P
1228 1904 1280 1943 [cf.
1299 1903 1346 1935 ad
1363 1905 1473 1943 13085,
1492 1905 1525 1934 A
1545 1915 1576 1935 n.
1590 1905 1610 1936 l.

272 1960 386 1980 amare
403 1949 552 1979 Muretus
573 1948 622 1989 (A
637 1959 668 1978 n.
687 1948 725 1986 l.)
775 1953 943 1986 tamquam
962 1947 1055 1978 Ital.:
1085 1947 1216 1987 [quem]
1238 1953 1303 1977 tam
1321 1958 1420 1987 quam
1437 1947 1477 1986 P,
1496 1947 1529 1977 A
1545 1958 1576 1978 n.
1590 1948 1610 1979 Ι.

273 1998 368 2024 utere
385 1992 425 2032 P,
444 1992 477 2022 A
498 2003 529 2023 n.
549 1992 570 2023 Ι.
673 2001 728 2030 131
740 2001 752 2020 r
773 1991 874 2022 sendo
886 1990 919 2020 P
934 1993 1027 2030 (corr.
1049 1990 1124 2029 ff),
1140 1991 1172 2020 A
1187 2002 1218 2022 n.
1233 1991 1253 2022 l.
1359 2000 1441 2029 1312
1458 1991 1613 2031 pulcher-

273 2048 366 2067 rume
384 2041 573 2075 egaetatem
594 2035 868 2075 (pulcherrimam
886 2038 1009 2065 etatem
1027 2034 1074 2066 Β)
1086 2034 1125 2072 Ρ,
1138 2035 1169 2064 A
1185 2046 1217 2064 n.
1230 2034 1249 2065 I.
1265 2046 1272 2065 ε
1297 2045 1377 2065 corr.
1391 2034 1466 2065 Ital.
1535 2035 1613 2065 inde

274 2080 417 2111 Ritschl:
444 2080 543 2110 uideo
562 2080 642 2120 (om.
659 2078 749 2118 PCD)
771 2078 811 2115 Ρ,
831 2078 863 2107 A
880 2089 910 2108 n.
925 2078 943 2108 I.
964 2079 1010 2108 =ui
1026 2084 1088 2117 pro
1104 2078 1135 2108 in
1153 2089 1159 2115 ;
1185 2078 1227 2108 vi.
1246 2079 1278 2114 1)
1355 2088 1443 2108 mum
1463 2078 1545 2109 (om.
1566 2078 1612 2116 B)

273 2125 446 2154 hominem
461 2123 535 2163 (-ne
550 2123 592 2161 Β)
604 2122 644 2159 Ρ,
661 2122 693 2152 Α
709 2133 739 2153 n.
753 2121 787 2151 I.:
807 2132 884 2152 corr.
901 2120 964 2151 Leo
973 2126 1047 2161 pos!
1058 2122 1141 2152 alios
1246 2131 1327 2160 1313
1344 2122 1446 2152 audin
1462 2120 1610 2152 Gm'ems:

273 2168 413 2198 audistis
426 2167 457 2197 in
472 2167 534 2207 (Β)
546 2167 595 2197 vel
605 2165 750 2196 audistin
765 2164 871 2205 (PCD)
883 2163 923 2202 P,
939 2167 967 2195 A
983 2175 1013 2194 n.
1031 2165 1049 2195 l.
1083 2171 1144 2204 pro
1157 2165 1257 2195 audin
1273 2176 1351 2196 carr.
1365 2175 1405 2195 ex
1415 2165 1587 2198 audistis*-
1604 2167 1613 2196 3

272 2211 391 2241 Fut‘Ine
407 2211 441 2240 in
458 2210 623 2250 arcltegypo
643 2209 722 2240 audi
736 2209 763 2248 3)
902 2217 982 2246 1314
1008 2209 1087 2246 quin
1111 2207 1163 2248 tu]
1182 2210 1239 2247 qui
1258 2209 1348 2238 intus
1364 2208 1397 2238 B
1531 2210 1614 2247 1316

280 2255 342 2285 sibi
361 2255 397 2293 P,
418 2254 451 2284 Α
471 2266 502 2286 n,
523 2255 543 2286 l.
663 2262 743 2292 1317
768 2260 825 2282 eas
842 2250 914 2281 Ital.
931 2262 938 2281 z
963 2256 1019 2281 eat
1035 2251 1068 2281 Ρ
1083 2256 1120 2282 ut
1135 2251 1199 2283 vid.
1218 2251 1434 2290 (adtuentus)
1453 2250 1504 2283 B:
1530 2255 1611 2282 eant

281 2297 385 2336 PCD‘J,
398 2299 429 2328 Λ
447 2309 477 2328 n.
494 2298 514 2329 l.
609 2302 644 2327 ut
662 2296 775 2327 uelum
787 2294 860 2325 Ital.
881 2306 887 2325 ε
912 2299 946 2324 ut
959 2295 1078 2325 uallam
1093 2296 1144 2334 (ut
1161 2295 1229 2337 [ut]
1244 2296 1366 2326 uallem
1378 2295 1425 2326 Bi
1437 2295 1476 2331 P,
1490 2294 1523 2324 A
1537 2305 1568 2326 n.
1584 2295 1608 2325 I.

282 2342 376 2383 (uall-
391 2347 450 2381 pro
467 2342 600 2374 uenum.
622 2340 758 2379 antiqua
773 2338 906 2378 sormaN
1009 2339 1157 2378 explicet
1176 2339 1207 2369 Ρ
1349 2339 1430 2378 1318
1454 2339 1609 2369 mechum

282 2386 474 2424 (moechum
493 2384 567 2414 PCD
584 2396 590 2414 z
616 2385 698 2414 haec
717 2392 805 2412 nune
824 2382 868 2418 B)
891 2382 1064 2412 uenissent
1084 2383 1273 2420 (cenissent
1290 2381 1378 2422 PCDJ
1404 2381 1504 2413 simul
1526 2381 1608 2423 [est]

281 2428 321 2469 P,
341 2429 373 2459 A
394 2440 425 2459 n.
448 2429 469 2459 Ι.
486 2430 560 2469 (pro
577 2427 688 2465 simul,
708 2436 815 2466 marg.
836 2436 865 2458 c.
886 2425 904 2457 ι’.
919 2436 946 2455 e.
965 2425 1072 2456 semul
1086 2427 1111 2467 2)
