1747 2740
679 153 974 193 POENVLVS
1409 155 1485 192 III.
1509 153 1554 190 iii

152 267 304 313 salutat,
328 267 623 317 respondemus.
684 266 758 304 Co.
791 264 963 303 mortalis
986 266 1134 302 malos!
1506 276 1550 308 40

152 339 194 369 ut
214 331 484 381 ingrediuntur
503 332 621 369 docte
642 329 681 368 in
704 329 1000 379 sycophantiam
1020 333 1026 368 l

64 399 130 445 655
153 399 223 435 Lv.
255 397 352 447 quid
372 396 546 435 deinde?
594 398 698 433 ADV.
733 409 955 435 sermonem
978 395 1029 433 ibi
1053 395 1261 434 nobiscum
1282 397 1451 445 copulat.

150 461 204 499 ait
224 475 266 500 se
286 461 534 511 peregrinum
556 474 651 506 esse,
676 460 792 498 huius
814 459 990 509 ignarum
1013 460 1148 510 oppidi
1166 475 1175 507 ;

150 528 281 564 locum
302 526 376 565 sibi
397 527 497 564 uelle
518 525 685 564 liberum
707 525 927 575 praeberier

149 591 217 629 ubi
237 604 408 641 nequam
429 590 555 629 faciat.
617 604 689 628 nos
711 590 915 628 hominem
935 591 986 629 ad
1008 598 1046 629 te
1066 591 1314 630 adduximus.
1504 605 1544 636 45

149 664 191 695 tu
213 656 267 695 sei
289 664 326 695 te
346 657 387 695 di
406 664 551 703 amant,
574 670 688 706 agere
709 663 817 694 tuam
840 669 921 694 rem
942 656 1146 694 occasiost.

60 724 132 759 660
151 724 221 760 Lx.
253 722 358 761 itane
378 721 442 760 ille
463 729 521 760 est
537 721 731 772 cupiens?
761 724 866 759 ADV.
899 735 1037 759 aurum
1055 722 1184 760 habet.
1238 724 1306 760 Lv.
1340 724 1485 772 pracda

1227 789 1325 826 haec
1349 795 1480 826 meast.

148 854 252 891 ADv.
286 860 431 903 potare,
453 866 585 891 amare
606 854 718 890 uolt.‘
761 853 831 890 Lv.
865 853 996 890 locum
1018 852 1195 902 lepidum
1216 853 1332 891 dabo.

146 919 251 956 ADV.
283 925 322 956 at
343 918 447 956 enim
471 917 535 956 hic
555 919 669 965 clam,
693 917 824 955 furtim
851 917 857 970 Ι
883 931 968 956 esse
990 919 1084 964 uolt,
1107 931 1156 956 ne
1178 917 1265 967 quis
1286 917 1381 955 sciat

146 996 248 1022 neue
268 983 411 1021 arbiter
431 983 489 1021 sit.
549 996 642 1021 nam
664 982 728 1021 hic
748 984 846 1020 latro
867 982 907 1020 in
929 984 1066 1032 Sparta
1087 982 1168 1028 fuit,
1503 996 1547 1027 50

147 1055 189 1086 ut
210 1048 371 1099 quidem
394 1048 478 1099 ipse
498 1048 638 1087 nobeis
659 1048 766 1095 dixit,
790 1049 896 1098 apud
919 1062 1049 1098 regem
1071 1049 1276 1095 Attalum3

58 1114 124 1157 665
148 1114 227 1152 ind'
260 1128 366 1153 nunc
386 1114 546 1164 aufugit,
569 1113 760 1164 quoniam
781 1113 933 1164 capitur
953 1113 1156 1164 oppidum.

147 1181 219 1219 Co.
252 1180 359 1218 nimi'
380 1180 511 1231 lepide
532 1181 582 1218 de
603 1182 766 1227 latrone,
790 1181 840 1218 de
862 1181 1000 1230 Sparta
1022 1187 1194 1230 optume.

146 1246 217 1283 Lv.
250 1245 289 1283 di
310 1246 489 1295 deaeque
509 1245 624 1283 uobis
646 1246 770 1283 multa
791 1245 897 1283 bona
917 1246 1023 1291 dent,
1047 1258 1168 1294 quom
1191 1244 1287 1282 mihi

144 1317 183 1348 et
203 1311 305 1348 bene
326 1310 547 1360 praecipitis
569 1318 607 1348 et
628 1310 775 1348 bonam
797 1311 985 1360 praedam
1007 1309 1117 1348 datis.
1502 1324 1540 1357 55

144 1377 249 1414 ADV.
280 1375 403 1413 immo
424 1382 466 1413 ut
486 1375 569 1426 ipse
590 1375 705 1414 nobis
727 1375 835 1422 dixit,
858 1388 938 1425 quo
958 1388 1118 1413 accures
1140 1376 1273 1426 magis,

55 1445 126 1487 670
144 1448 340 1478 trecentos
361 1454 546 1479 nummos
568 1440 772 1491 Philippos
794 1447 922 1490 portat
943 1440 1123 1490 praesidi.

147 1507 216 1544 Lv.
248 1519 313 1544 rex
333 1519 435 1553 sum,
456 1505 487 1544 si
508 1520 581 1555 ego
602 1506 723 1544 illunc
744 1506 865 1544 hodie
885 1507 936 1544 ad
958 1520 1021 1544 me
1043 1506 1246 1545 hominem
1267 1508 1460 1546 adlexero.

145 1572 249 1609 ADv.
286 1570 383 1621 quin
417 1570 647 1622 hicquidem
683 1579 772 1609 tuos
807 1578 875 1609 est.
938 1572 1007 1609 ΙΝ.
1045 1584 1211 1620 opsecro
1238 1573 1368 1611 hercle
1398 1575 1483 1611 hor-

1331 1647 1480 1685 tumim,

143 1709 185 1740 ut
206 1703 435 1740 deuortatur
454 1703 505 1740 ad
528 1716 590 1740 me
611 1702 651 1740 in
672 1702 889 1752 hospitium
912 1710 1132 1753 optumum.
1502 1705 1545 1736 60

143 1769 246 1805 Anv.
280 1781 410 1817 neque
431 1781 504 1805 nos
525 1767 669 1805 hortari
691 1781 822 1818 neque
844 1769 1041 1806 dehortari
1064 1770 1179 1808 decet

54 1833 120 1877 675
142 1831 345 1870 hominem
367 1832 614 1882 peregrinum
633 1849 639 1871 :
670 1840 777 1871 tuam
800 1847 881 1871 rem
905 1836 946 1871 tii
968 1847 1069 1883 ages,
1093 1834 1123 1871 si
1145 1834 1258 1885 sapis.

142 1911 214 1935 nos
235 1897 305 1935 tibi
328 1898 556 1947 palumbem
577 1900 628 1937 ad
649 1913 780 1937 aream
802 1913 929 1949 usque
950 1899 1211 1939 adduximus:

141 1976 246 2000 nunc
267 1970 305 2001 te
327 1962 435 2001 illum
458 1963 614 2002 meliust
635 1978 785 2015 capere,
810 1965 840 2002 si
863 1973 1022 2015 captum
1045 1979 1130 2004 esse
1151 1966 1220 2004 uis.

141 2028 213 2065 Co.
247 2027 376 2066 iamne
398 2028 490 2066 itis?
532 2029 629 2079 quid
650 2031 759 2080 quod
780 2030 920 2068 uobeis
943 2030 1140 2078 mandatu,
1166 2032 1370 2082 hospites?
1498 2035 1539 2076 65

182 2134 245 2172 655
271 2134 432 2173 copulant
450 2134 483 2164 P
612 2136 678 2175 658
703 2135 803 2166 saciet
819 2136 852 2167 P
961 2138 1026 2175 659
1051 2147 1112 2175 age
1130 2137 1303 2168 Assdalius
1413 2140 1479 2168 660

139 2176 194 2207 ille
214 2201 222 2208 .
237 2202 244 2208 .
265 2201 272 2208 .
293 2177 394 2207 habet
418 2177 582 2208 advocatis
605 2179 662 2209 dal
685 2179 822 2219 Scjgffiv‘!
954 2182 1013 2210 661
1044 2181 1111 2210 uoli
1137 2182 1170 2211 l>
1193 2182 1221 2211 11
1240 2187 1300 2221 pro
1323 2182 1363 2219 T]
1388 2182 1476 2220 (ilmn

138 2221 216 2257 662)
351 2222 415 2251 662
439 2220 520 2264 (sc)
543 2232 619 2253 esse
645 2222 778 2253 Mueller
928 2225 993 2262 663
1019 2224 1144 2263 siparta
1168 2224 1202 2254 P

243 2265 308 2304 665
323 2275 412 2295 nunc
443 2277 509 2296 0111.
543 2267 597 2297 A:
638 2267 702 2297 huc
737 2267 952 2297 Cmnerart'us
1110 2270 1174 2307 669
1199 2279 1355 2299 accurres
1387 2270 1477 2301 codd.

138 2309 204 2347 670
228 2309 373 2348 praesidi
395 2309 611 2341 Gulielmms:
639 2321 738 2349 praes
762 2311 806 2341 ibi
825 2314 922 2350 (prae
939 2312 1017 2342 sibi*
1039 2312 1142 2350 codd.‚
1164 2313 1220 2343 vix
1237 2317 1312 2343 recle
1413 2315 1473 2352 671

140 2352 232 2382 illum
258 2353 346 2384 codd.
463 2353 513 2383 vel
533 2354 574 2384 ad
600 2354 697 2385 med:
730 2365 795 2385 om.
821 2355 854 2384 A
885 2358 982 2395 (lpro
1006 2356 1082 2386 hod.
1112 2356 1198 2387 hom.
1227 2357 1269 2386 ad
1295 2368 1347 2387 me
1372 2358 1475 2388 mlle>

141 2396 326 2427 mallexero
345 2397 377 2427 P
485 2398 548 2436 672
576 2402 652 2428 tuus
670 2407 741 2428 sum
759 2398 792 2428 A
811 2399 888 2438 (pro
910 2401 1042 2437 sume2)
1063 2411 1069 2430 :
1102 2404 1177 2430 tuus
1206 2401 1263 2431 Lv.
1295 2408 1345 2432 cst
1371 2401 1404 2430 P
1428 2403 1477 2440 (in

140 2440 308 2480 arclzerpO
323 2440 348 2470 E
369 2445 444 2471 nom
456 2441 745 2481 lenom'spersonae
757 2446 839 2482 erat)
931 2444 994 2482 677
1015 2443 1134 2474 melius
1149 2444 1237 2475 codd.
1304 2451 1430 2476 castum
1445 2444 1480 2477 P
