1747 2740
196 523 240 555 40

194 849 235 881 45

196 1175 237 1207 50

195 1634 232 1665 55

259 149 289 175 v
683 138 729 175 T.
765 135 945 174 MACCI
977 134 1182 173 PLAVTI

311 248 378 299 qui
400 248 492 287 huic
513 262 554 287 es
576 250 774 293 molestus,
797 261 848 285 an
870 247 1013 284 malam
1035 259 1116 284 rem
1138 244 1363 295 quaeritas?

312 316 444 352 ANTA.
478 317 575 363 †qur
604 316 710 352 non†
737 310 964 358 adhibuisti,
988 312 1084 349 dum
1106 310 1225 348 istaec
1251 311 1424 360 loquere,
1446 317 1594 361 tympa-

1465 388 1561 413 num
1575 375 1594 413 ?

313 457 405 482 nam
427 451 465 482 te
485 443 697 482 cinaedum
719 456 805 481 esse
824 441 989 480 arbitror
1010 440 1122 491 magi'
1144 453 1263 491 quam
1285 439 1426 478 uirum.

313 511 388 547 AG.
421 508 503 546 scin
526 521 645 558 quam
667 507 856 546 cinaedus
877 508 995 544 sum?
1024 505 1076 544 ite
1097 505 1223 552 istinc,
1247 503 1360 551 serui,
1383 505 1496 552 foras,

312 575 456 612 ecferte
477 573 598 611 fustis.
659 575 791 611 ΑΝΤΑ.
825 573 922 610 heus
943 579 996 618 tu,
1020 570 1050 609 si
1072 570 1168 621 quid
1189 583 1258 621 per
1278 569 1410 607 iocum
1615 583 1706 619 13²0

312 639 402 687 dixi,
425 639 549 678 nolito
571 639 610 677 in
631 638 776 677 serium
797 645 1041 676 conuortere.

312 708 443 744 ANTE.
477 706 573 756 quid
595 705 665 744 tibi
691 705 881 751 lubidost,
902 717 1077 754 opsecro,
1102 702 1427 748 Antamoenides‚
1491 737 1495 741 .

312 771 420 821 loqui
441 770 700 809 inclementer
720 778 855 809 nostro
875 777 1046 819 cognato
1067 776 1104 807 et
1125 767 1256 819 patri?

312 850 403 874 nam
425 836 488 875 hic
510 844 643 875 noster
663 844 772 886 pater
793 843 850 874 est
866 851 875 883 3
904 835 968 873 hic
989 848 1062 873 nos
1083 833 1271 884 cognouit
1287 833 1410 872 modo

311 910 349 940 et
368 903 475 940 hunc
496 902 555 940 sui
576 901 701 940 fratris
722 901 878 940 filium?
934 903 1068 939 ANTA.
1100 899 1154 938 ita
1174 912 1237 937 me
1259 898 1437 949 Iuppiter
1614 907 1700 944 1325

311 969 413 1006 bene
433 976 549 1015 amet,
573 968 675 1007 bene
696 969 843 1006 factum
861 970 867 1005 l
897 967 1053 1017 gaudeo
1074 973 1112 1004 et
1133 966 1256 1015 uolup
1276 973 1335 1004 est
1355 963 1453 1002 mihi

311 1033 507 1083 siquidem
529 1033 625 1083 quid
646 1033 779 1071 lenoni
800 1032 939 1082 optigit
960 1031 1091 1082 magni
1113 1030 1204 1069 mali

310 1112 513 1148 quomque
534 1112 555 1136 e
576 1098 719 1136 uirtute
740 1096 854 1135 uobis
875 1098 1031 1135 fortuna
1051 1095 1203 1146 optigit.

311 1166 442 1201 ANTE.
475 1163 662 1202 credibile
684 1170 836 1201 ecastor
856 1162 961 1201 dicit.
1022 1162 1138 1199 crede
1159 1160 1262 1207 huic,
1286 1161 1339 1198 mi
1361 1168 1480 1210 pater.

312 1230 392 1266 HA.
425 1230 555 1267 credo.
615 1230 690 1266 Ac.
723 1235 760 1267 et
781 1240 855 1278 ego
875 1228 1005 1266 credo.
1065 1227 1135 1265 sed
1156 1239 1294 1265 eccum
1319 1227 1503 1264 lenonem
1525 1240 1591 1276 op·
1614 1239 1702 1274 1330

1469 1299 1589 1338 turne,

309 1360 438 1398 credo.
499 1360 632 1397 ΑΝΤΑ.
675 1367 712 1397 et
752 1371 825 1409 ego
864 1359 993 1396 credo.
1058 1359 1134 1395 Ac.
1181 1358 1323 1407 edepol
1371 1356 1436 1394 hic
1483 1356 1592 1395 uenit

1339 1422 1587 1460 commodus.

311 1490 459 1528 bonum
482 1489 609 1528 uirum
631 1503 769 1528 eccum
793 1489 925 1536 uideo,
947 1502 987 1526 se
1009 1487 1145 1537 recipit
1167 1488 1343 1526 domum.

310 1553 408 1607 [HA.
440 1555 527 1604 quis
548 1555 612 1594 hic
633 1557 723 1593 est?
770 1557 846 1593 AG.
869 1554 1062 1592 utrumuis
1083 1561 1155 1601 est,
1171 1555 1234 1592 uel
1256 1555 1346 1591 leno
1363 1555 1425 1591 uel
1448 1555 1587 1603 Lycus.

309 1620 347 1658 in
370 1620 558 1658 seruitute
578 1621 642 1659 hic
664 1619 760 1658 filias
782 1619 919 1658 habuit
940 1627 1026 1657 tuas

308 1693 346 1723 et
368 1685 419 1723 mi
441 1686 522 1724 auri
545 1688 604 1724 sur
624 1694 692 1724 est.
738 1687 820 1723 HA.
843 1686 991 1723 bellum
1013 1683 1228 1731 hominem,
1248 1697 1366 1734 quem
1388 1683 1545 1722 noueris
1562 1681 1586 1736 ἔ]
1611 1696 1697 1733 1335

307 1751 503 1801 rapiamus
520 1751 558 1789 in
574 1751 642 1789 ius.
679 1753 758 1789 HA.
779 1750 952 1788 minime.
995 1752 1069 1788 AG.
1088 1751 1357 1800 quapropter?
1396 1751 1476 1787 HA.
1495 1748 1588 1799 quia

306 1815 532 1854 iniuriarum
556 1818 680 1854 multo
701 1816 834 1855 induci
856 1815 976 1854 satius
996 1823 1064 1854 est.

300 1929 381 1958 1317
407 1929 511 1950 curne
525 1919 646 1950 Bollte:
671 1921 751 1959 quin
775 1919 908 1959 Geppert
922 1920 975 1959 (cf
991 1918 1166 1950 adPseud.
1179 1919 1259 1958 501)
1349 1918 1461 1949 adhib.
1476 1918 1530 1958 (ef
1543 1917 1590 1949 ad

253 1962 350 1994 Most.
382 1964 460 2002 598)
611 1964 692 2002 1318
718 1963 860 1994 cinacdu
885 1963 918 1992 A
1010 1964 1059 1993 vel
1082 1973 1178 2002 mage
1326 1972 1409 2002 1320
1425 1962 1536 1993 fuistis
1552 1962 1585 1992 A

258 2017 338 2045 1322
363 2007 419 2046 qui
446 2006 582 2047 Scyff‘rl
683 2017 720 2037 es
747 2006 780 2036 P
801 2012 867 2043 <est
897 2005 970 2045 Clj:
997 2017 1061 2037 om.
1079 2007 1112 2036 A
1267 2015 1348 2045 1323
1372 2006 1586 2036 indementer

252 2050 390 2091 P(corr.
412 2050 459 2091 D)
609 2061 690 2090 1327
718 2051 883 2090 siquidem
901 2051 981 2089 quid
1002 2050 1234 2081 Camcrarms:
1268 2049 1375 2089 siquid
1393 2050 1425 2078 A
1446 2061 1453 2080 :
1480 2050 1585 2089 siqui·

252 2095 327 2124 dem
346 2093 378 2123 P
489 2104 572 2134 1330
597 2094 752 2134 optume]
772 2095 881 2133 lycum
901 2093 933 2123 Ρ
948 2096 993 2132 [v.
1021 2104 1031 2123 1
1048 2096 1073 2125 ’,ὶὸ
1199 2103 1277 2132 1331
1305 2103 1371 2123 om.
1391 2092 1425 2123 Ρ
1439 2095 1590 2133 (propter

251 2138 474 2168 ltomoeoarclt.
490 2140 513 2169 ἒ)
630 2145 663 2169 et
695 2139 812 2178 scripsi
839 2138 889 2178 (cf.
925 2148 954 2167 v.
994 2138 1111 2176 1330&
1149 2142 1183 2167 at
1213 2137 1280 2168 cod.
1443 2146 1522 2176 1332
1546 2147 1584 2167 se

253 2181 388 2223 recipit]
416 2183 680 2220 {riedeunssste‘m
698 2181 730 2211 A
871 2190 994 2220 1333-5
1020 2181 1071 2220 ass,
1102 2181 1243 2219 1382—4)
1270 2191 1334 2210 om.
1355 2179 1400 2215 A,
1420 2179 1587 2220 m'su'quod

251 2225 344 2255 verba
362 2226 438 2264 quis
457 2226 543 2256 hicst
557 2226 624 2265 (sic
648 2226 681 2255 in
690 2226 762 2264 fine
784 2236 812 2255 v.
837 2225 1050 2263 1332ε.ι·ΙιιἸιιἸ
1079 2225 1217 2254 sct'lt'ccte’
1230 2224 1380 2264 margine
1391 2223 1585 2263 exemplans

251 2272 411 2309 sumpla&
463 2268 694 2299 Rctractamris·
710 2280 775 2298 esse
790 2268 942 2299 vidrnlur
1077 2277 1156 2307 1333
1182 2268 1235 2298 uel
1254 2268 1331 2298 leno
1349 2267 1403 2296 uel
1421 2278 1451 2298 v.
1475 2267 1559 2305 1382
1575 2278 1582 2297 :

253 2318 286 2342 et
304 2311 382 2342 leno
399 2312 465 2342 cod.
605 2321 683 2351 1335
710 2313 786 2342 mihi
802 2323 829 2342 v.
852 2312 930 2350 138⁴
947 2323 952 2342 ι
980 2312 1061 2341 mihi
1079 2312 1131 2342 hic
1148 2311 1215 2342 cod.
1353 2311 1437 2352 1336
1461 2311 1494 2341 in
1510 2309 1581 2353 ius]

254 2356 341 2387 intus
358 2356 390 2386 Ρ
524 2365 602 2396 1337
621 2355 722 2386 indici
738 2355 771 2386 A
