1747 2740
92 153 207 191 III.i
613 153 658 190 T.
693 151 874 191 MACCI
906 151 1109 190 PLAVTI

196 264 265 302 PE.
297 262 393 313 quin
420 269 462 301 tu
487 262 612 300 istanc
632 261 851 300 orationem
876 260 969 299 hinc
989 268 1164 299 ueterem
1184 268 1304 311 atque
1322 260 1526 311 antiquam

1330 339 1494 365 amoues
1509 328 1527 366 ?

111 408 170 442 155
192 394 402 445 proletario
423 407 604 432 sermone
625 406 731 431 nunc
751 392 926 442 quidem,
948 393 1105 442 hospes,
1128 399 1261 439 utere3

193 474 284 499 nam
302 459 312 498 i
329 461 467 505 solent,
486 460 648 509 quando
664 458 896 504 accubuere,
915 457 982 495 ubi
1004 470 1103 495 cena
1122 457 1350 507 adpositast‚
1369 457 1499 496 dicere
1515 473 1523 497 ε

195 525 313 576 ‘quid
334 538 432 575 opus
454 524 525 562 fuit
545 525 622 562 hoc
641 521 837 575 (sumpto)
858 529 1018 572 sumptu
1040 530 1150 560 tanto
1170 530 1303 560 nostra
1321 522 1472 572 gratia?

192 589 412 629 insaniuisti
429 591 571 636 hercle,
590 589 682 626 nam
703 588 810 626 idem
832 588 908 625 hoc
929 587 1159 625 hominibus
1180 594 1238 625 sat
1259 595 1339 625 erat
1359 588 1524 626 decem.'
1544 595 1610 633 755

193 657 301 706 quod
315 668 451 694 eorum
468 668 605 693 caussa
618 660 894 704 opsonatumst
907 654 1068 703 culpant
1089 659 1127 691 et
1147 653 1363 691 comedunt
1379 660 1523 691 tamen.

111 725 174 758 160
194 723 265 759 PA.
296 721 337 759 fit
358 721 424 770 pol
445 719 542 758 illud
563 720 614 757 ad
636 719 732 757 illud
753 719 990 769 exemplum.
1050 725 1093 756 ut
1113 718 1230 757 docte
1257 725 1295 756 et
1322 726 1526 769 perspecte

1397 784 1498 835 sapit
1517 787 1524 823 !

193 852 261 889 PE.
294 851 364 890 sed
394 850 524 890 eidem
554 850 737 889 homines
767 862 988 900 numquam
1015 849 1164 897 dicunt,
1188 862 1430 901 quamquam
1459 852 1524 890 ad-

1087 915 1297 965 positumst
1316 916 1498 967 ampliter
1515 931 1524 956 ε

190 982 309 1021 ‘iube
329 982 426 1021 illud
447 981 578 1030 demi3
609 982 703 1020 tolle
730 982 833 1020 hanc
860 981 1061 1032 patinam3
1089 995 1250 1020 remoue
1272 995 1446 1033 pernam,
1468 983 1523 1022 nil

1366 1061 1497 1087 moror
1512 1063 1523 1098 ;

189 1114 297 1152 aufer
318 1113 423 1151 illam
445 1113 563 1151 offam
585 1111 802 1163 porcinam,
825 1111 972 1161 probus
994 1111 1058 1150 hic
1078 1124 1224 1162 conger
1243 1112 1466 1165 frigidus<t>‚
1542 1118 1611 1161 760

191 1192 363 1226 remoue,
379 1178 442 1216 abi
459 1180 588 1217 aufer'
606 1193 613 1217 :
643 1178 844 1217 neminem
861 1191 998 1216 eorum
1014 1178 1112 1216 haec
1127 1178 1360 1217 adseuerare
1371 1178 1524 1227 audias,

110 1249 169 1293 165
192 1245 262 1282 sed
292 1245 513 1295 procellunt
537 1257 622 1282 sese
651 1241 706 1295 [et
732 1240 1016 1295 procumbunt]
1044 1241 1084 1280 in
1109 1255 1287 1281 mensam
1315 1242 1524 1292 dimidiati,

1203 1309 1299 1347 dum
1319 1317 1522 1359 appetunt.

189 1375 258 1414 PA.
291 1374 411 1414 bonu’
433 1375 535 1413 bene
562 1382 604 1413 ut
632 1375 756 1412 malos
784 1373 991 1424 descripsit
1017 1376 1170 1412 mores!
1228 1375 1297 1411 PE.
1330 1374 1408 1413 hau
1437 1388 1525 1414 cen-

1301 1446 1523 1479 tensumam

188 1514 339 1557 partem
361 1505 439 1544 dixi
460 1513 591 1556 atque,
615 1504 740 1543 otium
762 1505 814 1543 rei
837 1504 868 1543 si
889 1504 947 1552 sit,
971 1517 1133 1555 possum
1155 1518 1395 1555 expromere.

191 1574 259 1610 ΡΑ.
292 1571 406 1621 igitur
427 1571 466 1610 id
488 1572 597 1621 quod
617 1570 753 1620 agitur,
775 1569 847 1622 (ei)
866 1570 929 1608 hic
951 1569 1120 1620 primum
1142 1571 1337 1620 praeuorti
1358 1572 1483 1610 decet.
1542 1573 1609 1619 765

191 1650 298 1676 nunc
318 1638 395 1676 hoc
424 1636 603 1675 animum
632 1635 829 1675 aduortite
859 1636 988 1674 ambo.
1061 1634 1156 1673 mihi
1187 1649 1286 1686 opus
1317 1644 1375 1674 est
1405 1650 1523 1687 opera

1444 1710 1521 1749 tua,

112 1778 173 1813 170
194 1766 556 1817 Periplectomene;
586 1766 678 1805 nam
700 1780 773 1816 ego
793 1765 927 1804 inueni
949 1765 1121 1816 lepidam
1143 1766 1442 1816 sycophantiam

193 1831 260 1882 qui
280 1832 535 1870 admutiletur
555 1831 666 1870 miles
688 1845 813 1881 usque
834 1830 1080 1878 caesariatus,
1103 1839 1221 1881 atque
1242 1831 1298 1869 uti

193 1897 285 1936 huic
305 1897 452 1936 amanti
472 1910 518 1936 ac
541 1896 833 1935 Philocomasio
855 1897 956 1934 hanc
978 1896 1204 1935 ecficiamus
1225 1897 1393 1948 copiam,

238 2012 298 2043 751
325 2012 413 2042 quan
431 2001 496 2033 cod.
590 2012 706 2032 uerem
725 2000 790 2032 cod.
928 2011 988 2041 752
1015 2001 1125 2044 [naml
1156 2012 1203 2041 pr.
1237 2001 1302 2033 cod.
1330 2003 1385 2042 (ex
1400 2013 1429 2034 v.
1447 2003 1525 2043 753⁸

194 2046 249 2087 (iv.
276 2047 331 2085 33:
364 2056 440 2076 nam
458 2045 515 2077 del.
535 2044 666 2084 Bentley
799 2055 862 2085 753
885 2046 1086 2076 accubuerct
1104 2045 1168 2077 cod.
1307 2056 1368 2086 754
1393 2053 1526 2087 sumpto

193 2089 324 2122 addidi:
357 2088 530 2132 (hospes)
568 2089 780 2120 Cameram'us
981 2099 1041 2129 755
1067 2095 1163 2121 erant
1198 2089 1263 2120 cod.
1463 2092 1528 2131 756

194 2133 352 2173 culpante
368 2137 402 2164 et
419 2133 482 2164 cod.
596 2144 657 2173 757
683 2134 733 2165 vel
748 2133 825 2164 illuc
842 2134 884 2165 ad
902 2133 978 2164 illue
1071 2135 1247 2174 perspecie
1264 2133 1330 2165 cod.
1464 2136 1527 2174 758

195 2187 352 2217 umquam
369 2176 400 2206 Β
417 2178 489 2217 (vix
504 2177 740 2218 interrogative)
866 2180 929 2216 760
954 2178 1030 2208 hine
1049 2188 1172 2208 concer
1188 2178 1253 2210 cod.
1379 2179 1437 2218 761
1464 2179 1526 2209 hac

195 2220 261 2252 cod,
365 2222 427 2259 762
448 2225 523 2261 post
536 2232 563 2252 v.
586 2231 646 2260 777
665 2223 815 2262 repclt'tur
829 2222 904 2252 talss
920 2223 978 2252 sed
997 2223 1061 2259 (5⁶9
1083 2222 1306 2261 procumbunt
1325 2222 1357 2252 in
1375 2231 1526 2253 mensam

197 2264 359 2295 dimidiati
374 2270 493 2304 petunt
582 2275 658 2296 sese
684 2266 717 2296 in
743 2275 895 2296 mensam
920 2264 1066 2295 Ritsvlnt:
1100 2275 1137 2295 se
1158 2271 1191 2296 et
1214 2266 1439 2305 procumbunt
1459 2265 1525 2297 cod.

197 2309 241 2348 (v.
267 2316 296 2344 1)
431 2310 493 2348 763
518 2309 679 2348 descipsit
697 2310 866 2349 (decepsit
883 2308 927 2339 Bi
946 2308 1010 2339 cod.
1104 2310 1288 2340 centesima
1306 2309 1371 2340 cod.
1465 2310 1527 2350 764

197 2353 244 2382 rei
261 2353 289 2382 si
305 2351 348 2382 sit
367 2351 504 2391 vaades
519 2364 525 2383 ε
551 2353 618 2384 reis
635 2353 705 2384 istit
715 2352 780 2383 cod.
875 2355 936 2392 765
961 2350 1038 2395 (ei)
1052 2352 1104 2382 hic
1121 2352 1243 2384 Boflre:
1270 2354 1347 2383 huic
1363 2351 1526 2394 Scaltgcr:

197 2396 227 2426 ei
246 2396 293 2426 rei
311 2395 444 2435 soff-rt
575 2398 635 2435 767
661 2396 806 2436 lepidem
823 2396 887 2427 cod.
990 2397 1052 2436 768
1076 2406 1182 2436 usque
1201 2396 1414 2427 Cmuertm'us
1431 2408 1438 2427 ε
1461 2407 1528 2436 que

197 2439 264 2471 cod.
400 2441 463 2480 769
489 2440 766 2479 philocomasium
783 2440 850 2471 cod.
873 2450 916 2479 gv.
935 2450 966 2480 9.
983 2450 1014 2480 p.
1034 2442 1092 2481 71)
