1747 2740
75 1308 119 1335 10

73 1638 112 1675 15

68 1968 113 1994 20

623 469 1007 519 PROLOGVS

529 618 788 654 LVXVRIA
900 618 1103 655 ΙΝΟΡΙΑ

198 703 270 742 Lv.
302 704 475 754 Sequere
496 704 570 742 hac
591 718 664 750 me,
687 712 816 754 gnata,
839 711 882 742 ut
907 718 1050 742 munus
1072 704 1243 755 fungaris
1265 713 1387 745 tuom.

196 770 258 807 IN.
291 782 444 819 sequor,
468 770 539 808 sed
560 770 679 808 finem
700 770 783 808 fore
803 783 923 820 quem
943 769 1074 808 dicam
1096 770 1241 809 nescio.

195 836 267 873 Lv.
299 836 422 874 adest.
482 849 545 874 em
566 834 655 874 illae
677 843 768 874 sunt
788 837 918 883 aedes,
943 836 955 874 i
975 835 1078 875 intro
1100 836 1354 875 nunciam.—

194 913 317 948 nunc,
338 913 388 939 ne
409 900 497 951 quis
518 909 617 939 erret
638 909 828 948 nostrum,
851 901 987 952 paucis
1009 901 1049 939 in
1070 902 1176 940 uiam

194 966 403 1014 deducam,
427 966 458 1004 si
481 966 644 1017 quidem
666 980 828 1017 operam
849 968 943 1006 dare
967 967 1205 1018 promittitis.
1498 984 1516 1017 5

195 1045 299 1070 nunc
320 1031 435 1082 igitur
455 1031 626 1082 primurn
647 1032 749 1083 quae
771 1047 844 1084 ego
865 1032 939 1071 sim
961 1041 999 1072 et
1020 1047 1122 1084 quae
1143 1034 1254 1073 illaec
1275 1035 1348 1074 siet

192 1098 271 1135 huc
292 1111 394 1148 quae
414 1097 510 1136 abiit
531 1098 634 1137 intro
655 1098 802 1147 dicam,
822 1097 854 1137 si
874 1098 1053 1137 animum
1074 1099 1292 1139 aduortitis.

192 1163 362 1214 primurn
384 1163 481 1202 mihi
503 1166 665 1203 Plautus
686 1178 834 1203 nornen
857 1164 1052 1203 Luxuriae
1073 1164 1217 1204 indidit
1232 1181 1242 1215 3

191 1236 275 1267 tum
301 1227 307 1281 Ι
333 1229 435 1268 hanc
456 1228 552 1267 mihi
571 1237 731 1279 gnatam
752 1243 838 1269 esse
859 1229 985 1269 uoluit
1007 1230 1203 1281 Inopiam.

190 1295 260 1334 sed
281 1308 328 1333 ea
347 1296 425 1334 huc
446 1294 542 1345 quid
563 1294 753 1338 introierit
774 1295 947 1346 impulsu
969 1309 1059 1336 meo
1496 1315 1537 1338 ιο

187 1359 356 1410 accipite
377 1368 415 1399 et
435 1361 527 1400 date
548 1360 710 1400 uociuas
732 1361 835 1400 auris
856 1363 953 1400 dum
975 1363 1150 1413 eloquor.

187 1427 421 1465 adulescens
442 1426 605 1477 quidam
627 1435 685 1466 est
706 1429 775 1478 qui
795 1427 834 1466 in
856 1427 965 1467 hisce
986 1429 1137 1468 habitat
1163 1429 1355 1481 aedibu53

187 1491 219 1531 is
240 1506 322 1530 rem
343 1501 547 1543 paternam
568 1507 632 1532 me
652 1493 844 1532 adiutrice
865 1494 1046 1545 perdidit.

188 1557 377 1608 quoniam
399 1557 435 1596 ei
456 1557 523 1608 qui
545 1572 609 1596 me
629 1560 749 1597 aleret
770 1560 824 1598 nil
845 1560 964 1599 uideo
985 1575 1070 1600 esse
1092 1561 1236 1608 relicui,

186 1623 281 1663 dedi
302 1623 337 1664 ei
359 1638 488 1663 meam
508 1632 668 1675 gnatam
690 1624 852 1674 quicum
873 1632 1042 1663 aetatem
1065 1626 1202 1677 exigat.
1495 1646 1531 1678 15

186 1691 257 1729 sed
278 1691 328 1729 de
348 1698 581 1740 argumento
603 1703 653 1729 ne
674 1689 909 1740 exspectetis
929 1690 1109 1731 fabulae:

185 1770 299 1795 senes
320 1756 388 1807 qui
409 1758 486 1796 huc
508 1756 680 1803 uenient,
705 1756 717 1794 i
738 1769 820 1795 rern
842 1756 956 1794 uobis
977 1756 1164 1807 aperient.

183 1821 277 1861 huic
299 1824 450 1862 Graece
470 1836 618 1862 nomen
640 1829 699 1861 est
720 1823 956 1860 Thensauro
976 1822 1133 1862 fabulae
1153 1838 1160 1862 :

185 1888 366 1927 Philemo
387 1887 551 1939 scripsit,
577 1889 738 1927 Plautus
760 1886 879 1927 uortit
899 1888 1075 1935 barbare,

184 1968 331 1994 nomen
352 1954 589 1993 Trinummo
609 1953 712 2001 fecit,
736 1967 842 1992 nunc
863 1954 940 1992 hoc
961 1967 1033 1992 uos
1054 1962 1164 2005 rogat
1488 1972 1530 1995 20

183 2029 226 2059 ut
246 2020 361 2059 liceat
382 2019 583 2071 possidere
603 2021 706 2059 hanc
731 2034 879 2059 nornen
900 2020 1086 2058 fabulam.

183 2094 335 2125 tantum
358 2094 426 2125 est.
487 2088 626 2134 ualete‚
650 2087 786 2125 adeste
808 2100 899 2124 curn
921 2085 1146 2125 silentio.—

175 2202 187 2222 1
215 2192 279 2223 hac
297 2192 366 2233 me]
386 2203 439 2224 me
456 2204 529 2224 mea
547 2193 580 2224 P
683 2194 804 2234 sungas
827 2193 915 2224 codd.
936 2192 1042 2224 Nonii
1053 2205 1128 2234 497,
1148 2194 1234 2226 unde
1252 2195 1370 2235 sungas
1387 2195 1466 2240 (tu)

129 2236 169 2273 (v
189 2236 316 2267 Sclzoell
447 2238 477 2273 8,
497 2248 518 2276 9
544 2239 688 2275 (omissis
706 2238 976 2269 Plautus—mihi
985 2243 1115 2279 propter
1127 2239 1328 2270 l10mocotel.3
1342 2244 1419 2281 post
1433 2251 1462 2273 v.

131 2289 170 2309 10
185 2280 318 2310 collocat
331 2281 364 2311 A
387 2281 432 2312 ·ii.
449 2284 485 2312 65
576 2283 597 2312 8
621 2284 664 2313 mi
681 2282 753 2312 ΡΠ)
841 2293 862 2320 9
887 2282 974 2312 hanc
991 2281 1464 2325 (autem>5pe›1gcl<‘An.l.)

126 2324 207 2354 mihi
219 2325 306 2354 hanc
319 2330 454 2363 gnatam
469 2325 638 2365 [gnatam]
648 2326 719 2357 PCD
803 2335 839 2364 15
857 2325 904 2366 ei]
918 2336 936 2355 e
948 2324 981 2356 P
1037 2327 1171 2365 quicum
1183 2326 1295 2370 (una)
1307 2326 1464 2366 Vollbehr,

127 2378 208 2397 nam
227 2370 366 2398 (mc-iim&
390 2372 525 2406 gnatam
543 2369 683 2410 displicr!
831 2379 865 2407 17
894 2369 1070 2409 {uffuobis
1094 2371 1126 2400 A
1276 2372 1313 2402 18
1340 2383 1462 2403 nomen

126 2420 227 2449 grece
245 2411 278 2441 P
407 2423 449 2443 20
474 2424 534 2443 uos
555 2415 618 2444 hoc
637 2414 681 2452 A,
701 2424 766 2443 uon
787 2414 928 2443 usimlns
943 2413 1023 2443 ordo
1157 2426 1198 2445 22
1222 2416 1343 2446 adesse
1361 2417 1393 2446 A

170 2465 289 2487 PLAVT.
312 2466 335 2486 11
1333 2461 1374 2490 28
