1747 2740
177 127 224 164 V.

185 516 224 550 35

185 1041 225 1072 40

247 128 307 164 vii
657 130 703 167 T.
738 128 919 168 MACCI
953 129 1156 167 PLAVTI

244 240 275 278 si
297 242 390 280 uolo
410 243 516 281 hunc
538 242 684 290 ulcisci,
706 242 783 281 litis
805 255 946 292 sequar
968 241 1007 280 in
1029 241 1158 280 alieno
1178 240 1339 292 oppido,

243 314 434 356 quantum
456 308 591 346 audiui
613 307 813 358 ingenium
835 315 874 345 et
896 320 1024 345 mores
1045 305 1143 344 eiius
1163 319 1244 356 quo
1264 314 1381 356 pacto
1401 305 1512 344 sient.

243 373 349 410 ADE.
382 372 435 410 mi
457 380 575 423 pater,
600 387 648 412 ne
670 373 767 424 quid
788 372 859 411 tibi
887 386 979 411 cum
1002 371 1101 410 istoc
1130 371 1183 410 rei
1208 370 1280 409 siet
1304 375 1575 410 †acmassum†
1598 382 1687 418 1405

1400 449 1575 486 opsecro.

246 504 379 541 ANTE.
401 504 579 542 ausculta
593 503 726 542 sorori.
767 503 843 550 abi,
860 502 1021 553 diiunge
1038 501 1262 540 inimicitias
1284 514 1375 540 cum
1396 500 1575 551 inprobo.

248 569 331 608 HA.
361 570 438 607 hoc
471 582 542 619 age
577 569 638 615 sis,
663 571 764 608 leno.
838 581 1081 619 quamquam
1121 580 1194 618 ego
1233 575 1271 605 te
1310 565 1499 605 meruisse
1536 574 1579 604 ut

1327 644 1463 682 pereas
1484 630 1577 678 scio,

246 711 327 737 non
348 699 523 749 experiar
543 707 685 738 tecum.
737 701 811 737 AG.
836 712 966 749 neque
987 711 1060 749 ego
1078 713 1088 746 3
1117 697 1148 736 si
1164 710 1303 736 aurum
1321 695 1416 735 mihi
1437 696 1579 734 reddes

1433 774 1577 809 meum,

246 831 348 876 leno,
372 831 535 880 quando
556 844 602 869 ex
624 844 746 869 neruo
768 829 1257 880 emissu's—compingare
1278 828 1318 867 in
1340 840 1547 867 carcerem.

247 896 317 934 Lv.
350 895 481 934 iamne
515 904 648 935 autem
679 904 721 935 ut
751 898 887 935 soles?
935 899 1067 934 ANTA.
1101 909 1186 945 ego,
1224 897 1372 942 Poene,
1407 893 1478 932 tibi
1513 906 1576 931 me

1240 967 1449 1011 purgatum
1470 959 1573 997 uolo.

245 1026 276 1064 si
298 1026 395 1076 quid
414 1026 493 1064 dixi
515 1025 634 1064 iratus
654 1027 867 1065 aduorsum
889 1026 1010 1064 animi
1032 1026 1087 1065 tui
1112 1025 1359 1071 sententiam,

245 1091 285 1130 id
306 1091 361 1130 uti
383 1091 562 1142 ignoscas
584 1105 732 1142 quaeso
751 1107 760 1139 5
790 1099 828 1130 et
848 1105 971 1142 quom
993 1091 1085 1130 istas
1106 1091 1292 1130 inuenisti
1315 1090 1424 1138 filias,

245 1157 297 1196 ita
325 1172 388 1196 me
416 1159 456 1196 di
486 1166 632 1205 ament,
666 1157 761 1196 mihi
790 1157 1031 1208 uoluptatist.
1094 1159 1174 1195 HA.
1208 1157 1369 1207 ignosco
1394 1164 1432 1195 et
1459 1157 1579 1195 credo

1494 1222 1576 1260 tibi.

243 1290 376 1326 ANTA.
410 1289 511 1335 leno,
548 1295 590 1326 tu
624 1296 756 1327 autern
791 1288 960 1327 amicam
997 1287 1093 1326 mihi
1128 1289 1198 1326 des
1231 1287 1349 1326 facito
1383 1295 1450 1326 aut
1482 1286 1578 1325 mihi

1251 1353 1393 1392 reddas
1416 1352 1574 1391 minam.

246 1420 315 1457 LY.
348 1418 414 1456 uin
436 1418 639 1457 tibicinam
663 1432 791 1458 meam
818 1419 993 1457 habere?
1050 1420 1181 1456 ΑΝΤΑ.
1215 1417 1268 1456 nil
1301 1431 1430 1456 moror
1454 1417 1577 1456 tibici-

1461 1496 1579 1530 nam3

207 1563 222 1595 ς
244 1549 396 1589 nescias
417 1556 546 1587 utrum
569 1549 602 1587 ei
625 1549 791 1588 maiores
814 1549 1015 1588 buccaene
1035 1562 1085 1586 an
1108 1562 1303 1587 mammae
1324 1548 1435 1587 sient.

246 1616 315 1653 Lv.
347 1615 453 1653 dabo
474 1628 576 1665 quae
597 1616 758 1665 placeat.
819 1617 951 1653 ΑΝΤΑ.
984 1627 1086 1653 cura.
1148 1616 1216 1652 Lv.
1249 1617 1387 1652 aurum
1419 1627 1503 1652 cras
1527 1615 1578 1653 ad

1209 1688 1248 1719 te
1269 1681 1431 1719 referam
1453 1688 1575 1718 tuom.

246 1749 321 1785 AG.
354 1746 472 1784 facito
502 1746 541 1784 in
572 1746 762 1785 memoria
792 1747 951 1785 habeas.
1012 1748 1082 1785 Lx’.
1117 1746 1239 1794 miles,
1262 1759 1426 1796 sequere
1448 1759 1579 1784 me.—

997 1814 1126 1850 ANTA.
1159 1825 1232 1863 ego
1253 1825 1348 1850 uero
1367 1824 1579 1862 sequor.—

246 1879 321 1915 AG.
353 1876 449 1927 quid
483 1876 550 1925 ais,
587 1878 753 1928 patrue?
809 1878 971 1927 quando
1007 1877 1099 1915 hinc
1139 1876 1192 1915 ire
1231 1877 1379 1927 cogitas
1419 1877 1579 1916 Cartha-

1416 1941 1579 1993 ginem?

292 2055 372 2085 1403
397 2048 520 2085 sequar
536 2045 675 2088 displicet
767 2056 847 2085 1404
871 2047 959 2086 quod
978 2046 1042 2078 cod.
1139 2056 1221 2086 1405
1240 2046 1273 2076 ni
1289 2056 1319 2086 p.
1334 2045 1400 2077 cod.
1419 2046 1510 2084 (corr.
1525 2045 1573 2077 DN

244 2099 345 2128 quoin
362 2090 427 2120 cod.
449 2090 744 2130 (antiquasOrnm)
834 2091 1040 2130 acm-assum]
1063 2090 1112 2121 sac
1131 2091 1268 2121 missum
1282 2089 1404 2121 Prode!
1419 2089 1456 2120 de
1464 2095 1572 2130 praep.

245 2143 317 2171 515,
337 2132 505 2173 Niemeyer
520 2134 593 2165 Mil.
616 2134 703 2166 Glor.
723 2145 754 2174 p.
780 2135 847 2164 166.
897 2133 965 2164 Sed
979 2138 1080 2174 potest
1100 2145 1165 2164 csse
1186 2134 1352 2164 Punicum
1372 2134 1575 2164 achmassim

245 2177 293 2206 vel
308 2177 469 2207 hamasim
488 2180 495 2193 ‘
508 2178 648 2208 iniuriae
661 2180 668 2192 ’
764 2188 847 2217 1409
863 2178 1078 2216 compingam
1096 2182 1129 2207 te
1144 2176 1282 2208 Skutsch
1365 2187 1447 2215 1410
1463 2177 1576 2208 iamne

244 2219 404 2260 Spengel:
449 2222 514 2252 iam
542 2222 607 2252 cod.
711 2226 888 2261 purgatum
924 2221 996 2251 Ital.
1018 2232 1024 2251 :
1064 2226 1250 2261 pugnatum
1281 2220 1346 2251 cod.
1495 2230 1575 2259 1413

246 2264 427 2303 uoluptatis
445 2272 497 2295 est
511 2265 575 2296 cod.
596 2276 601 2295 :
627 2264 707 2306 (ut)
725 2265 805 2296 mihi
824 2265 929 2304 uolnp
946 2270 996 2295 est
1015 2264 1147 2304 Seyffert
1239 2274 1320 2303 1414
1343 2269 1399 2294 aut
1417 2263 1552 2304 Sqiffirt
1567 2275 1574 2294 :

244 2346 301 2371 aut
321 2341 426 2382 [auri]
445 2342 512 2372 cod.
535 2343 613 2383 (pro
629 2315 700 2372 giiii
716 2344 726 2373 ³
752 2353 779 2374 v.
800 2343 833 2381 35
948 2343 1028 2380 1416
1046 2342 1075 2372 ei
1094 2342 1239 2373 maiores
1254 2341 1326 2372 Ital.
1348 2354 1353 2372 :
1379 2342 1444 2372 eim
1463 2351 1573 2373 mores

245 2384 310 2416 cod.
334 2385 381 2417 [M
397 2391 459 2426 pro
474 2386 536 2425 All:
629 2396 670 2416 an
690 2396 732 2415 111.
749 2386 822 2416 [ml.
842 2397 848 2415 ε
872 2396 1055 2416 arnammae
1073 2385 1136 2417 cod.
1251 2386 1332 2424 1418
1357 2385 1444 2416 sacto
1461 2385 1528 2417 cod.

1601 905 1690 938 1410

1602 1426 1687 1462 1415
