1747 2740
204 118 234 157 Ι.
257 118 303 155 iii
684 118 729 155 T.
763 116 943 156 MACCI
977 115 1181 154 PLAVTI

172 239 234 261 120
257 224 368 262 militi
393 224 646 271 Macedonio,
669 232 707 263 et
728 224 805 262 iam
827 224 1056 275 quindecim
1077 225 1207 264 habeo
1229 225 1365 265 minas.

256 290 372 330 CALI.
395 289 492 339 quid
513 303 586 339 ego
607 304 653 328 ex
674 298 711 328 te
727 289 878 328 audio?
926 291 996 328 BA.
1020 289 1188 329 amicam
1210 298 1318 328 tuam
1339 304 1425 330 esse
1444 292 1587 330 factam

1349 364 1585 406 argenteam.

255 421 370 460 CALl.
404 434 476 470 qur
506 420 545 459 id
575 422 704 459 ausu's
734 422 891 460 facere?
948 423 1018 459 BA.
1051 421 1190 467 lubuit,
1214 435 1301 460 mea
1328 421 1410 460 fuit.
1469 423 1586 462 (ΞΛΜ.

1266 488 1354 534 eho,
1378 488 1585 534 Pseudole‚

251 549 463 601 igladium
484 552 605 590 adfer.
666 553 728 589 ΡΞ.
762 551 859 602 quid
889 565 989 602 opus
1016 551 1178 602 gladio?
1236 554 1350 592 CAH.
1384 552 1450 602 qui
1481 553 1587 591 hunc

1133 616 1489 668 occidam—atque
1510 631 1584 657 me.

253 683 315 720 ΡΞ.
352 681 448 731 quin
488 690 528 720 tu
569 683 635 721 ted
673 681 822 721 occidis
861 682 1022 733 potius?
1070 697 1162 721 nam
1202 684 1308 721 hunc
1347 685 1470 722 sames
1508 684 1584 722 iam
1606 697 1675 732 350

1385 748 1583 789 occiderit.

170 829 228 861 ηε
253 816 367 855 CALI.
401 815 497 866 quid
535 815 604 862 ais,
636 823 829 866 quantum
870 823 969 855 terra
1008 815 1133 866 tetigit
1172 815 1380 854 hominum
1414 815 1587 867 peiiuris-

1445 884 1587 922 sume?

251 945 455 985 iurauistin
478 955 515 985 te
536 947 641 985 illam
664 947 760 985 nulli
782 947 1036 987 uenditurum
1058 947 1133 986 nisi
1154 946 1280 986 mihi?

253 1013 323 1050 BA.
366 1014 499 1051 fateor.
559 1015 675 1053 (ΖΛΜ.
718 1015 849 1064 nemp’
888 1012 1092 1063 conceptis
1131 1012 1292 1052 uerbis?
1354 1015 1424 1052 BA.
1466 1013 1583 1053 etiam

1215 1079 1390 1117 consutis
1410 1093 1582 1131 quoque.

251 1145 366 1183 CALI.
399 1144 651 1194 peiiurauisti,
671 1147 845 1183 sceleste.
898 1146 968 1182 ΒΑ.
1001 1152 1040 1183 at
1059 1152 1264 1195 argentum
1286 1144 1388 1183 intro
1409 1145 1582 1185 condidi.

250 1224 323 1260 ego
344 1212 531 1249 scelestus
553 1224 659 1249 nunc
680 1218 885 1261 argentum
907 1224 1086 1260 promere
1107 1209 1217 1262 posti
1231 1224 1248 1248 s
1269 1223 1355 1249 sum
1377 1211 1525 1250 domo:
1602 1222 1668 1258 355

167 1289 230 1320 130
249 1282 291 1313 tu
311 1274 378 1324 qui
399 1275 498 1324 pius,
521 1275 620 1314 istoc
641 1290 682 1314 es
702 1290 844 1326 genere
863 1283 1014 1326 gnatus,
1039 1289 1247 1314 nummum
1268 1290 1349 1315 non
1370 1277 1503 1316 habes.

250 1342 366 1381 CALl.
397 1342 605 1389 Pseudole,
623 1341 770 1380 adsiste
785 1341 913 1380 altrim
930 1355 1043 1380 secus
1064 1349 1182 1392 atque
1203 1355 1323 1380 onera
1343 1342 1450 1381 hunc
1465 1344 1583 1382 male-

1197 1406 1324 1446 dictis.
1385 1409 1447 1447 Ps.
1479 1408 1580 1448 licet.

248 1486 467 1523 numquam
497 1474 547 1511 ad
578 1480 797 1523 praetorem
819 1486 944 1522 aeque
979 1471 1123 1511 cursim
1156 1486 1321 1520 curram,
1353 1480 1396 1511 ut
1429 1473 1585 1512 emittar

1449 1552 1579 1578 manu.

249 1604 364 1642 Qu.
398 1602 530 1653 ingere
561 1604 663 1642 mala
694 1605 825 1642 multa.
888 1605 949 1641 Ps.
983 1602 1060 1641 iam
1091 1616 1164 1653 ego
1194 1611 1232 1642 te
1261 1602 1438 1642 differam
1469 1603 1584 1643 dictis

1473 1669 1581 1708 meis.

250 1733 446 1785 inpudice.
500 1736 569 1773 ΒΑ.
603 1734 702 1773 itast.
754 1736 869 1774 CALI.
902 1735 1075 1773 sceleste.
1132 1736 1204 1773 ΒΑ.
1235 1733 1334 1774 dicis
1355 1748 1457 1774 uera.
1518 1736 1581 1774 Ps.
1605 1741 1673 1786 360

1405 1800 1581 1841 uerbero.

169 1879 229 1912 ¹35
254 1868 322 1904 BA.
355 1863 564 1916 quippini?
622 1867 736 1906 Cm.
770 1865 978 1916 bustirape.
1041 1868 1113 1904 BA.
1145 1873 1262 1905 certo.
1324 1868 1386 1905 ΡΞ.
1416 1866 1581 1906 furcifer.

1136 1933 1206 1970 ΒΑ.
1240 1932 1386 1970 sactum
1407 1940 1581 1982 optume.

293 2036 359 2073 346
384 2035 492 2065 habco
510 2033 573 2075 <ab
590 2033 653 2077 co)
671 2033 756 2064 Βνιζι·
887 2035 950 2073 348
975 2033 1041 2065 eho
1063 2033 1232 2065 Pseudole
1256 2035 1424 2065 continuat
1440 2035 1589 2067 Ballioni

251 2077 283 2107 A
419 2087 484 2117 349
508 2078 538 2109 ei
556 2078 640 2109 codd.
731 2081 830 2116 opust
846 2076 976 2107 Rstscm
1062 2078 1127 2108 hoc
1148 2083 1222 2118 :pro
1238 2079 1326 2109 hone
1339 2079 1366 2119 3)
1384 2078 1417 2108 A
1499 2081 1579 2118 sort.

250 2121 308 2160 qui
337 2119 449 2163 (ego)
482 2122 570 2152 hunc
718 2130 777 2161 351
804 2121 888 2160 tegit
922 2124 996 2162 (pro
1034 2122 1152 2162 tetegit
1167 2123 1192 2159 ἶ)
1225 2121 1274 2153 P:
1313 2127 1437 2153 terram
1470 2123 1582 2163 tetigit

254 2165 397 2205 Geppcrl‚
416 2164 615 2205 Longzvorth
636 2165 755 2204 (Closs.
781 2164 859 2195 Rev.
882 2174 932 2203 13,
955 2166 1035 2204 272N
1169 2175 1232 2205 353
1256 2166 1405 2197 consulis
1418 2165 1452 2196 P
1466 2166 1507 2204 (L
1520 2172 1583 2207 pro

252 2208 296 2247 T)
403 2219 465 2248 355
491 2218 627 2248 possum
645 2208 746 2245 codd..
767 2208 824 2239 sed
837 2214 995 2248 promere
1008 2213 1192 2249 suspeclmn
1297 2211 1362 2249 356
1385 2210 1459 2250 pius
1474 2211 1581 2242 sistoc

254 2253 334 2291 (om.
349 2252 402 2289 es)
416 2252 449 2283 Ρ
460 2254 553 2293 Opto
569 2253 644 2292 pius
663 2263 712 2289 cs,
731 2252 829 2285 istoc)
921 2251 970 2281 τον]
984 2252 1073 2291 piu's
1184 2262 1246 2292 357
1273 2253 1439 2284 adsistern
1457 2254 1580 2284 trinse-

253 2306 311 2326 cus
330 2295 362 2325 P
378 2300 472 2333 (corr.
492 2297 525 2326 in
544 2295 591 2335 D)
726 2296 790 2334 358
813 2300 912 2334 atque
930 2305 957 2326 c.
975 2305 1001 2326 c.
1020 2295 1075 2326 lite
1094 2296 1206 2326 mittar
1222 2306 1341 2327 manus
1356 2296 1390 2327 P
1517 2299 1582 2337 360

254 2340 346 2369 dicos
363 2339 442 2377 1³91:
459 2350 482 2370 e.
502 2341 545 2370 -i5
557 2341 586 2379 2)
733 2341 792 2378 361
821 2344 913 2369 certe
931 2338 964 2368 Ρ
1051 2339 1170 2370 saetam
1189 2339 1221 2370 P
1251 2346 1340 2380 apro
1356 2341 1392 2380 u)
