1747 2740
169 116 223 160 11.
244 122 274 159 ii
656 123 703 161 T.
738 124 919 163 MACCI
951 120 1155 162 PLAVTI

247 234 369 284 magis
398 234 470 273 erit
499 236 671 273 solutum
702 235 813 285 quasi
844 234 916 285 ipsi
947 234 1112 274 dederis.
1174 237 1254 273 HA.
1286 243 1326 273 at
1355 235 1461 274 enim
1495 234 1578 274 scii.

1376 300 1472 350 quid
1493 303 1581 340 est?

246 366 410 404 reddere
432 366 518 412 hoc,
542 379 622 404 non
645 366 807 415 perdere
827 367 906 404 eru'
927 379 990 404 me
1012 365 1126 404 misit.
1185 379 1276 403 nam
1298 373 1405 404 certo
1426 364 1508 403 scio

184 444 226 476 50
247 431 335 477 hoc,
358 430 497 469 febrim
519 430 588 469 tibi
610 444 706 478 esse,
731 431 823 481 quia
844 445 924 470 non
945 431 1037 470 licet
1057 432 1133 470 hoc
1155 430 1299 470 inicere
1319 431 1495 481 ungulas.

245 486 319 545 ego
340 495 412 534 nisi
434 495 507 546 ipsi
531 496 698 534 Ballioni
720 510 929 535 nummum
950 498 1106 535 credam
1130 496 1289 534 nemini.

246 563 308 599 Ps.
340 568 379 599 at
400 561 477 600 illic
498 575 604 600 nunc
625 562 892 613 negotiosust:
923 575 982 600 res
1001 561 1127 611 agitur
1145 562 1252 612 apud
1274 561 1457 600 iudicem.
1598 565 1664 608 645

247 627 327 663 HA.
360 625 400 664 di
417 627 518 665 bene
532 634 689 665 uortant
706 630 712 665 1
742 634 781 665 at
794 641 867 677 ego
884 627 1044 677 quando
1061 640 1152 665 eum
1169 640 1254 665 esse
1267 627 1440 666 censebo
1456 626 1576 673 domi,

245 691 407 730 rediero.
468 699 509 730 tu
530 691 740 742 epistulam
761 694 864 731 hanc
884 706 907 730 a
927 706 991 730 me
1012 691 1148 742 accipe
1168 699 1287 742 atque
1307 691 1362 730 illi
1382 693 1488 730 dato.

185 771 225 803 55
245 770 336 794 nam
359 756 444 795 istic
465 758 688 796 sumbolust
709 757 809 795 inter
829 771 938 796 erum
959 770 1094 796 meum
1116 764 1153 795 et
1175 764 1284 795 tuom
1306 758 1356 796 de
1378 757 1550 796 muliere.

247 823 309 860 Ps.
333 821 415 861 scio
431 821 617 872 equidem
635 837 642 861 :
667 830 709 861 ut
725 822 793 873 qui
813 829 1018 872 argentum
1034 822 1203 861 adferret
1222 830 1341 872 atque
1357 835 1579 872 expressam

1368 887 1578 938 imaginem

245 966 355 991 suam
378 954 455 992 huc
476 953 526 992 ad
547 966 634 1001 nos,
654 967 744 992 curn
767 967 816 992 eo
835 952 966 992 aiebat
986 954 1089 992 uelle
1110 952 1211 991 mitti
1233 952 1448 992 mulierem.
1599 956 1670 1000 650

245 1033 336 1057 nam
357 1019 422 1058 hic
435 1033 595 1070 quoque
615 1021 841 1071 exemplum
862 1019 1017 1070 reliquit
1038 1019 1145 1058 eiius.
1202 1020 1283 1057 HA.
1316 1032 1477 1058 omnem
1498 1032 1580 1058 rem

1457 1091 1579 1123 tenes.

247 1150 309 1188 Ps.
342 1149 438 1200 quid
461 1163 534 1200 ego
555 1149 594 1189 ni
617 1152 804 1189 teneam?
862 1151 944 1188 HA.
976 1151 1071 1189 dato
1092 1149 1220 1188 istunc
1240 1149 1468 1189 sumbolum
1489 1163 1581 1200 ergo

1257 1215 1322 1253 illi.
1382 1217 1445 1254 Ps.
1476 1215 1578 1255 licet.

186 1287 229 1319 60
247 1281 317 1319 sed
351 1280 448 1331 quid
482 1289 540 1320 est
574 1281 645 1321 tibi
676 1283 853 1321 nomen?
912 1283 992 1320 HA.
1028 1283 1199 1332 Harpax.
1274 1283 1336 1319 Ps.
1368 1295 1492 1332 apage
1529 1289 1578 1328 te,

1131 1348 1304 1396 Harpax,
1326 1347 1405 1385 hau
1425 1349 1557 1397 places
1572 1362 1581 1395 ;

247 1413 325 1450 huc
346 1412 507 1463 quidem
530 1414 660 1452 hercle
681 1414 788 1451 haud
810 1413 883 1451 ibis
905 1412 1017 1459 intro,
1041 1411 1081 1450 ni
1103 1411 1199 1462 quid
1221 1413 1344 1462 ἅρπαξ
1363 1412 1510 1451 feceris.

248 1480 328 1516 HA.
353 1479 475 1517 hostis
490 1479 603 1517 uiuos
617 1493 752 1530 rapere
766 1481 876 1518 soleo
888 1492 934 1517 ex
950 1478 1034 1517 acie
1050 1493 1057 1516 ε
1079 1491 1127 1516 eo
1141 1479 1217 1517 hoc
1234 1491 1380 1517 nomen
1396 1477 1491 1515 mihi
1507 1484 1575 1516 est.
1598 1481 1665 1526 655

246 1545 309 1581 Ps.
341 1545 407 1593 pol
428 1551 466 1582 te
488 1545 612 1583 multo
634 1544 756 1595 magis
777 1544 918 1594 opinor
938 1557 1033 1582 uasa
1052 1544 1181 1582 ahena
1200 1557 1247 1582 ex
1266 1543 1442 1582 aedibus.

247 1609 327 1646 HA.
361 1622 441 1647 non
469 1608 521 1647 ita
551 1617 619 1648 est.
679 1611 749 1648 sed
776 1609 859 1648 scin
881 1608 978 1659 quid
1002 1616 1040 1647 te
1067 1622 1147 1656 oro,
1171 1610 1297 1647 Sure?
1364 1610 1426 1646 Ps.
1459 1607 1579 1646 sciam

1374 1673 1405 1712 si
1425 1673 1578 1712 dixeris.

185 1744 227 1788 65
249 1740 329 1777 HA.
363 1752 436 1789 ego
456 1740 643 1779 deuortor
663 1748 769 1778 extra
789 1747 943 1789 portam
965 1741 1043 1777 huc
1064 1738 1103 1777 in
1125 1739 1328 1778 tabernam
1351 1738 1504 1777 tertiam

245 1806 352 1855 apud
373 1819 492 1843 anum
515 1805 619 1843 illam
641 1805 842 1852 doliarem,
867 1806 1061 1852 claudam,
1085 1818 1266 1851 crassam,
1289 1804 1535 1854 Chrysidem.

248 1872 309 1909 Ps.
343 1870 439 1920 quid
460 1884 566 1908 nunc
588 1870 676 1909 uis?
721 1872 800 1909 HA.
834 1870 928 1910 inde
948 1878 991 1908 ut
1012 1883 1075 1909 me
1095 1883 1278 1917 arcessas,
1302 1871 1381 1908 eru'
1402 1878 1489 1908 tuos
1510 1868 1578 1907 ubi
1598 1875 1669 1910 660

1416 1934 1577 1974 uenerit.
1658 1935 1680 1966 0

248 2002 309 2039 Ps.
343 2008 412 2039 tuo
431 2001 633 2049 arbitratu,
650 2015 842 2040 maxume.
896 2003 975 2039 HA.
1004 2014 1096 2039 nam
1118 2007 1159 2039 ut
1181 2002 1304 2040 lassus
1325 2000 1416 2040 ueni
1437 2002 1487 2040 de
1503 2000 1578 2047 uia,

247 2079 310 2104 me
331 2067 424 2105 uolo
444 2080 589 2105 curare.
650 2069 713 2105 Ps.
745 2080 838 2105 sane
859 2066 962 2116 sapis
984 2074 1022 2104 et
1042 2065 1250 2104 consilium
1273 2067 1410 2117 placet.

289 2172 350 2209 641
377 2171 488 2212 quasi]
515 2182 613 2211 quam
644 2173 670 2203 si
696 2172 748 2203 A:
774 2182 872 2212 quam
891 2171 924 2201 P
1054 2173 1118 2211 642
1144 2182 1196 2203 me
1217 2182 1283 2203 om.
1302 2171 1335 2202 P
1431 2171 1525 2212 iussit
1542 2171 1576 2202 A

249 2214 312 2254 (vel
327 2215 450 2253 missit)
542 2216 634 2257 narn]
656 2227 722 2246 non
739 2216 770 2246 P
878 2217 942 2254 643
969 2216 1032 2246 huc
1051 2217 1068 2246 i.
1084 2216 1116 2245 A
1237 2217 1301 2255 649
1325 2221 1361 2246 ut
1378 2215 1434 2248 dcl.
1453 2215 1583 2247 Ritsclnl

247 2259 312 2297 650
336 2259 400 2289 huc
418 2269 512 2289 suam
529 2258 631 2289 Rome
712 2270 812 2300 quom
830 2259 862 2290 P
892 2259 1173 2299 antiquaformaN
1259 2260 1310 2291 vel
1321 2260 1410 2290 aibat
1514 2261 1579 2299 652

249 2312 332 2341 ergo
345 2303 442 2333 istum
461 2304 638 2334 simbolum
657 2314 736 2343 ergo
755 2304 855 2341 Pin,
870 2306 905 2342 3)
997 2305 1059 2341 654
1085 2303 1217 2333 audibis
1233 2304 1266 2333 A
1357 2305 1421 2342 655
1447 2304 1531 2343 facie
1544 2303 1577 2332 A

250 2356 292 2375 eo
319 2356 385 2377 om.
413 2346 446 2376 P
568 2348 646 2377 mihi
676 2358 798 2377 nomen
825 2347 857 2376 A
1026 2349 1092 2385 656
1116 2347 1221 2377 muito
1247 2346 1280 2377 Ρ
1402 2347 1451 2377 vel
1474 2348 1578 2386 opino

250 2391 469 2420 cxscaedibus
490 2390 520 2420 Ρ
641 2393 703 2430 657
730 2392 795 2421 ista
813 2391 844 2420 A
955 2401 1047 2420 orem
1067 2390 1099 2420 P
1116 2391 1151 2428 gi.
1172 2391 1207 2430 9)
1341 2392 1405 2430 659
1430 2390 1578 2421 diobolia

252 2434 441 2464 reclaudam
461 2434 492 2463 P
510 2445 551 2474 xv.
568 2433 603 2476 8)
714 2437 778 2465 66.»
804 2435 881 2464 nolo
901 2433 931 2463 Ρ
