1747 2740
182 133 236 173 11.

197 520 238 551 30

194 1109 232 1140 35

192 1500 235 1531 40

192 1959 232 1990 45

257 134 303 170 iv
686 133 733 170 T.
768 131 949 171 MACCI
983 130 1188 169 PLAVTI

257 245 373 284 CALl.
407 245 664 283 sumbolum?
693 257 812 293 quem
845 243 1103 282 sumbolum?
1162 244 1224 281 Ps.
1256 243 1367 293 quia
1395 243 1517 282 milite
1540 244 1593 282 al-

1317 309 1435 346 latust
1455 310 1588 348 modo.

258 374 355 414 eiius
377 389 510 414 seruos
531 374 597 425 qui
619 375 725 412 hunc
748 373 897 412 ferebat
918 381 956 412 et
977 373 1154 424 quinque
1174 373 1324 423 argenti
1346 373 1484 420 minas,

258 448 364 479 tuam
387 440 453 491 qui
474 440 641 479 amicam
664 439 756 477 hinc
776 439 1009 485 arcessebat,
1033 439 1067 477 ei
1089 453 1132 477 os
1154 438 1307 477 subleui
1330 439 1462 478 modo.

258 507 372 546 (ΖΑΗ.
405 519 484 556 quo
515 506 666 544 modo?
724 507 785 543 Ps.
818 506 959 543 horum
989 518 1128 544 caussa
1158 506 1256 543 haec
1289 504 1415 555 agitur
1444 512 1592 555 specta·
1611 512 1680 547 720

1285 577 1413 609 torum
1435 570 1591 609 fabula:

257 637 295 675 hi
318 637 447 676 sciunt
468 637 533 687 qui
555 636 618 675 hic
640 637 876 683 adfuerunt3
905 635 1020 674 uobis
1041 644 1130 686 post
1152 648 1372 674 narrauero.

256 704 371 742 CALI.
404 702 500 752 quid
522 715 627 740 nunc
648 701 830 752 agimus?
872 703 934 739 Ps.
967 700 1130 740 liberam
1152 700 1272 739 hodie
1293 708 1400 739 tuam
1421 700 1590 739 amicam

1301 765 1588 816 amplexabere.

257 834 373 873 CALI.
406 834 560 883 egone?
618 834 680 870 ΡΞ.
715 834 755 870 tu
787 831 872 870 istic
904 831 1022 881 ipsus,
1056 830 1230 881 inquam,
1260 830 1290 869 si
1321 830 1483 881 quidem
1514 832 1591 869 hoc

1318 895 1427 934 uiuet
1448 903 1566 946 caput
1581 910 1591 943 3

255 962 285 1002 si
307 965 429 1002 modo
450 962 545 1002 mihi
566 962 769 1002 hominem
792 961 1001 1001 inuenietis
1022 974 1197 1012 propere.
1258 962 1336 1002 CH.
1369 975 1448 1012 qua
1462 961 1592 1000 facie?

1335 1028 1398 1065 Ps.
1429 1028 1588 1074 malum,

254 1094 452 1141 callidum,
475 1095 650 1140 doctum,
673 1093 740 1144 qui
762 1094 924 1144 quando
945 1091 1182 1143 principium
1204 1091 1468 1143 prehenderit,
1609 1100 1675 1136 725

253 1174 368 1210 porro
389 1174 460 1198 sua
479 1160 622 1198 uirtute
643 1167 773 1198 teneat
795 1159 890 1209 quid
911 1173 952 1197 se
974 1160 1100 1197 facere
1121 1165 1301 1208 oporteat
1316 1172 1326 1205 ;

252 1233 371 1275 atque
393 1225 459 1275 qui
479 1225 544 1263 hic
566 1238 645 1263 non
667 1224 845 1263 uisitatus
867 1237 984 1274 saepe
1005 1223 1064 1261 sit.
1125 1224 1203 1263 CH.
1237 1222 1267 1260 si
1290 1236 1424 1262 seruos
1446 1230 1514 1270 est,

252 1290 448 1340 numquid
469 1291 612 1328 refert?
670 1291 732 1327 Ps.
766 1288 888 1327 immo
909 1289 1035 1326 multo
1057 1289 1217 1326 mauolo
1238 1301 1357 1338 quam
1380 1287 1558 1326 liberum.

253 1356 331 1395 CH.
365 1369 481 1406 posse
501 1354 642 1405 opinor
663 1368 725 1394 me
747 1355 839 1393 dare
865 1352 1069 1392 hominem
1092 1352 1163 1391 tibi
1181 1354 1328 1391 malum
1350 1360 1388 1392 et
1409 1354 1585 1400 doctum,

1466 1419 1589 1457 modo

254 1485 321 1536 qui
342 1500 364 1524 a
384 1494 491 1536 patre
512 1485 673 1525 aduenit
696 1487 859 1535 Carysto
882 1486 1052 1524 necdum
1075 1486 1153 1523 exit
1174 1498 1220 1523 ex
1240 1483 1408 1523 aedibus
1607 1490 1677 1526 730

252 1565 455 1602 quoquam
477 1565 606 1602 neque
627 1552 804 1589 Athenas
830 1549 994 1590 aduenit
1021 1564 1211 1600 umquam
1241 1557 1332 1588 ante
1360 1550 1587 1588 hesternum

1468 1614 1586 1653 diem.

252 1684 313 1720 Ps.
347 1683 449 1721 bene
470 1682 591 1721 iuuas.
634 1683 703 1721 sed
724 1682 900 1733 quinque
918 1681 1089 1721 inuentis
1105 1695 1205 1732 opus
1223 1689 1279 1720 est
1300 1679 1449 1730 argenti
1471 1680 1588 1718 minis

250 1747 396 1786 mutuis
417 1762 514 1798 quas
535 1748 654 1787 hodie
676 1750 839 1787 reddam
857 1764 863 1787 :
896 1762 986 1786 nam
1009 1748 1126 1786 huius
1148 1747 1242 1785 mihi
1265 1747 1384 1786 debet
1405 1755 1524 1798 pater.

251 1815 329 1854 CH.
362 1828 435 1864 ego
461 1815 577 1861 dabo,
602 1828 651 1852 ne
674 1828 817 1864 quaere
845 1814 1016 1852 aliunde.
1080 1815 1142 1851 ΡΞ.
1177 1827 1200 1852 o
1222 1812 1425 1851 hominem
1447 1825 1587 1863 oppor-

1303 1886 1442 1916 tunum
1465 1877 1560 1916 mihi
1579 1881 1585 1916 !

253 1944 370 1984 etiam
392 1953 509 1995 opust
530 1946 738 1995 chlamyde
758 1953 796 1983 et
818 1945 1024 1983 machaera
1045 1952 1083 1982 et
1104 1951 1252 1994 petaso.
1311 1944 1389 1983 CH.
1422 1957 1582 1994 possum
1603 1952 1670 1989 735

1351 2022 1373 2046 a
1394 2022 1457 2047 me
1478 2010 1582 2047 dare.

296 2124 356 2153 717
380 2114 478 2145 militi
490 2125 535 2145 an
550 2120 597 2146 -tc
615 2116 720 2146 inccrt.
739 2114 770 2145 A
862 2113 997 2144 aliatust
1011 2113 1110 2144 modo
1125 2118 1177 2144 est
1192 2112 1287 2150 P(ii.
1300 2113 1335 2151 4Ἲ
1428 2113 1490 2151 718
1510 2122 1583 2142 cum

251 2169 281 2197 q.
301 2169 330 2189 a.
354 2158 495 2189 minisP
512 2160 563 2198 (cf.
579 2170 607 2189 v.
626 2165 703 2198 7533
795 2168 856 2197 719
880 2158 1075 2187 arcessabat
1088 2155 1121 2185 P
1138 2158 1229 2194 {cot-r.
1246 2155 1274 2187 C
1301 2167 1306 2187 z
1326 2156 1521 2186 accersabat
1535 2156 1580 2188 A.

252 2202 306 2232 vix
318 2206 393 2232 sectr
460 2203 490 2232 ci
506 2202 559 2243 os]
574 2203 646 2233 cius
658 2202 689 2231 „sl
705 2202 739 2233 (i.
756 2202 788 2241 75
881 2211 943 2239 720
960 2199 1070 2230 fabule
1083 2200 1114 2230 Ρ
1202 2209 1263 2238 723
1282 2205 1314 2230 m
1330 2197 1423 2238 istic]
1434 2203 1505 2229 tute
1519 2209 1584 2238 ego

254 2245 301 2279 Pl
316 2250 375 2285 pra
389 2250 459 2276 tute
477 2246 573 2286 crgo)
666 2247 748 2285 uiuit
763 2246 794 2275 Λ
807 2256 814 2275 :
837 2245 913 2274 uino
928 2243 959 2273 P
1072 2254 1132 2282 724
1159 2253 1303 2282 propere
1319 2241 1470 2272 Calidoro
1481 2241 1540 2272 da!
1550 2241 1583 2272 A

253 2293 290 2318 πί
306 2289 367 2320 vid.
491 2300 550 2329 727
576 2300 604 2320 a.
626 2300 701 2320 eum
720 2290 774 2329 qui
795 2299 860 2318 non
881 2289 932 2317 hic
951 2288 1092 2317 usitatus
1118 2286 1150 2316 Ρ
1234 2285 1277 2320 sil
1306 2291 1339 2324 ut
1365 2285 1397 2315 A
1522 2296 1584 2324 729

252 2333 300 2362 vel
313 2334 416 2371 opino
516 2344 578 2372 730
601 2334 642 2363 ab
666 2334 723 2363 lun·
742 2343 833 2363 versu
859 2342 960 2371 usquc
984 2330 1031 2360 ad
1048 2332 1156 2369 Jimm
1172 2329 1309 2369 fivlmlac
1333 2333 1459 2369 praesto
1483 2333 1529 2359 cst
1559 2329 1588 2359 T

252 2377 322 2406 exit
338 2377 476 2407 aedibus
495 2377 526 2406 A
546 2383 621 2417 &fro
638 2378 722 2408 exiit
739 2377 812 2407 aed.
826 2377 854 2417 ἕ)
948 2384 1008 2414 733
1035 2374 1128 2413 nam]
1149 2383 1222 2404 nam
1243 2383 1341 2403 unam
1357 2372 1390 2403 P
1404 2372 1470 2411 &ch
1482 2383 1582 2404 unam

253 2420 309 2459 1³¹,
329 2431 403 2451 nam
423 2420 485 2462 1³2)
