1747 2740
667 123 991 166 PSEVDOLVS
1442 122 1495 162 11.
1518 123 1548 162 ii

163 236 226 274 Ps.
259 234 351 286 quia
381 236 516 275 uidere
544 235 638 274 inde
664 249 775 283 esse3
805 249 895 273 narn
927 235 1021 274 olim
1050 249 1171 285 quom
1202 235 1308 281 abiit,
1335 243 1496 285 argento
1517 249 1557 278 30

1294 301 1391 339 haec
1413 300 1497 339 dies

160 366 437 416 praestitutast‚
461 367 595 417 quoad
615 368 771 405 referret
792 365 918 412 nobis,
942 379 1072 416 neque
1093 367 1189 405 dum
1211 365 1368 404 rettulit.

28 437 138 482 624—5
161 434 242 470 HA.
275 432 398 472 immo
436 434 558 472 adest.
620 435 682 472 Ps.
716 441 785 471 tun
825 432 1019 472 attulisti?
1077 435 1158 471 HA.
1191 432 1357 483 egomet.
1431 435 1492 471 ΡΞ.

1077 497 1174 548 quid
1194 497 1352 537 dubitas
1373 499 1496 537 dare?

160 563 242 601 HA.
275 563 346 602 tibi
367 577 441 614 ego
461 565 583 603 dem?
640 565 703 602 Ps.
737 563 832 602 mihi
853 565 984 602 hercle
1005 577 1110 610 uero,
1134 563 1202 614 qui
1229 577 1289 602 res
1311 563 1495 602 rationes-

1342 642 1419 679 que
1441 628 1494 667 eri

159 693 378 733 †Ballionis
408 708 513 741 curo,
536 702 742 745 argentum
771 702 948 745 accepto,
978 708 1153 745 expenso
1183 702 1221 732 et
1251 694 1345 744 quoi
1375 694 1494 733 debet

1361 760 1490 798 dato†.

158 825 240 863 ΗΑ.
272 823 303 863 si
324 824 486 875 quidem
515 826 646 864 hercle
677 825 796 864 etiam
824 824 995 876 supremi
1027 832 1228 875 promptas
1258 825 1492 863 thensauros
1511 838 1551 869 35

1370 889 1490 936 Iouis,

156 954 228 994 tibi
244 955 417 994 libellam
433 956 582 1006 argenti
596 969 815 1006 numquam
832 956 1002 994 credam.
1045 957 1107 993 Ps.
1132 956 1227 994 dum
1243 962 1284 993 tu
1301 963 1490 1001 sternuas,

67 1025 137 1068 630
155 1034 215 1059 res
235 1020 306 1059 erit
327 1022 464 1059 soluta.
526 1023 606 1059 HA.
639 1021 814 1060 uinctam
836 1020 967 1071 potius
989 1020 1044 1059 sie
1065 1034 1284 1059 seruauero.

155 1087 217 1123 ΡΞ.
249 1099 323 1124 uae
344 1085 414 1124 tibi
432 1089 439 1124 l
469 1094 511 1124 tu
527 1086 723 1125 inuentu's
744 1100 839 1125 uero
861 1100 989 1124 meam
1012 1085 1079 1136 qui
1100 1085 1270 1124 furcilles
1292 1086 1422 1125 fidem.

153 1150 265 1200 quasi
286 1150 339 1189 mi
361 1165 441 1190 non
463 1160 643 1190 sescenta
662 1159 771 1190 tanta
791 1150 865 1190 soli
885 1152 1037 1190 soleant
1058 1150 1217 1190 credier.

154 1217 237 1254 HA.
267 1224 397 1266 potest
418 1224 461 1255 ut
481 1216 545 1254 alii
567 1217 620 1255 ita
640 1216 877 1255 arbitrentur
897 1224 936 1255 et
956 1230 1029 1266 ego
1051 1224 1093 1254 ut
1113 1230 1163 1255 ne
1184 1217 1341 1256 credam
1365 1217 1446 1257 tibi.
1509 1236 1552 1267 40

154 1282 217 1319 Ps.
249 1281 361 1331 quasi
381 1289 423 1320 tu
443 1281 551 1321 dicas
573 1296 636 1320 me
657 1290 694 1320 te
715 1283 816 1320 uelle
836 1289 998 1332 argento
1019 1281 1324 1321 circumducere.

65 1347 133 1394 635
155 1348 235 1384 HA.
267 1346 391 1386 immo
421 1361 516 1386 uero
541 1347 652 1398 quasi
682 1356 723 1385 tu
751 1346 860 1386 dicas
881 1346 1073 1398 quasique
1101 1361 1173 1398 ego
1203 1355 1336 1386 autem
1364 1348 1404 1387 id
1432 1362 1491 1387 su-

1351 1413 1487 1464 spicer.

151 1478 221 1516 sed
242 1477 339 1528 quid
359 1486 418 1517 est
439 1477 510 1517 tibi
531 1480 712 1517 nomen?
756 1480 819 1516 ΡΞ.
852 1491 987 1517 seruos
1009 1486 1067 1516 est
1088 1477 1180 1516 huic
1201 1478 1335 1517 lenoni
1356 1480 1487 1526 Surus,

150 1556 243 1581 eum
263 1557 349 1582 esse
370 1557 433 1582 me
454 1543 595 1582 dicam.
656 1545 777 1582 Surus
794 1556 892 1582 sum.
955 1544 1035 1581 HA.
1067 1545 1217 1582 Surus?
1275 1545 1336 1582 Ps.
1370 1543 1410 1583 id
1432 1552 1490 1583 est

1209 1623 1356 1648 nornen
1378 1609 1484 1648 mihi.

152 1676 233 1713 ΗΑ.
266 1675 387 1713 uerba
408 1676 531 1713 multa
555 1674 729 1714 facimus.
790 1676 868 1713 eru'
889 1673 920 1713 si
942 1675 1021 1713 tuo'
1049 1674 1158 1713 domi
1186 1683 1258 1723 est,
1279 1675 1374 1725 quin
1404 1689 1488 1726 pro·
1511 1694 1549 1724 45

1354 1755 1484 1788 uocaS‚

152 1812 194 1843 ut
215 1804 255 1844 id
275 1818 387 1856 agam
409 1806 518 1855 quod
540 1805 681 1844 missus
702 1806 779 1844 huc
800 1807 917 1844 sum?
957 1806 1019 1844 ΡΞ.
1043 1804 1239 1856 quidquid
1261 1813 1319 1844 est
1339 1819 1487 1845 nomen

1402 1871 1483 1919 tibi,

64 1936 136 1980 640
153 1935 185 1974 si
205 1935 310 1974 intus
331 1944 443 1983 esset,
467 1950 685 1976 euocarem.
744 1950 881 1975 uerum
903 1936 934 1974 si
955 1937 1048 1975 dare
1069 1935 1127 1974 uis
1150 1935 1259 1984 mihi‚

195 2041 259 2071 622
284 2040 337 2071 hic
356 2040 388 2070 P
517 2043 590 2081 624,
611 2043 674 2080 625
699 2041 865 2080 attulistin
882 2040 915 2070 A
938 2040 973 2080 (i.
987 2051 1011 2071 e.
1030 2042 1110 2071 tun?
1127 2040 1291 2071 attulistin
1307 2042 1331 2075 ἓ)
1421 2043 1486 2072 626

151 2083 232 2125 ego]
261 2084 375 2115 hercle
399 2083 431 2113 A
464 2086 509 2123 (v.
537 2088 572 2123 4)
717 2087 779 2124 627
794 2086 877 2124 fort.
907 2084 1036 2123 conflat.
1065 2095 1104 2114 cx
1130 2083 1251 2124 duplici
1276 2084 1403 2115 lectione
1433 2088 1484 2124 (Ι)

151 2133 291 2169 accepto
308 2133 342 2158 et
360 2128 438 2168 quoi
457 2128 556 2159 debet
573 2129 664 2168 dato,
684 2130 734 2169 (2)
753 2133 904 2168 accepto,
924 2138 1080 2168 expenso
1106 2133 1139 2158 et
1157 2128 1236 2159 dato
1327 2129 1384 2159 vix
1400 2128 1486 2160 Balli

154 2172 203 2211 (cf
226 2171 370 2202 Tranius
395 2170 492 2203 Most.
525 2174 604 2211 560)
705 2182 860 2212 expenso
892 2171 951 2203 dcl.
982 2172 1085 2202 Bothe
1225 2172 1288 2202 628
1313 2178 1488 2212 promptes

151 2214 322 2246 Acidalius
352 2219 381 2246 pt
400 2216 482 2255 sort.
511 2216 543 2246 A
691 2218 756 2256 629
780 2217 857 2246 dum
892 2221 926 2246 tu
956 2221 995 2247 st.
1027 2215 1188 2256 blatssagt'
1217 2216 1367 2246 tm'lmunt
1397 2216 1486 2247 codd.

152 2263 311 2290 strenuas
327 2258 361 2289 P
489 2261 555 2299 630
579 2260 724 2291 uinciam
738 2259 771 2290 P
899 2262 960 2298 631
989 2259 1060 2298 nale
1075 2260 1117 2289 ibi
1131 2260 1164 2289 A
1259 2269 1342 2290 uero
1359 2260 1484 2301 meam]

153 2302 244 2342 solus
268 2313 457 2343 uerumeam
477 2304 510 2333 A
546 2308 548 2311 ’
550 2309 617 2345 pro
637 2304 739 2343 solus,
767 2314 845 2335 corr.
872 2304 959 2343 uer.)
1082 2303 1228 2334 sorcilles
1244 2303 1278 2334 P
1420 2307 1486 2343 633

152 2346 226 2386 alii]
244 2348 298 2377 aui
316 2346 350 2377 P
443 2353 478 2377 ut
495 2357 560 2379 om.
578 2348 610 2377 A
735 2349 798 2387 635
825 2348 856 2378 id
873 2358 940 2378 om.
958 2347 990 2377 A
1116 2348 1178 2386 637
1204 2347 1300 2389 mihi]
1321 2358 1431 2379 meum
1449 2349 1481 2378 A

152 2391 218 2429 639
242 2401 308 2430 quo
325 2392 357 2421 P
445 2392 498 2422 hic
516 2391 549 2421 P
634 2402 664 2431 q.
685 2403 714 2423 e.
733 2402 764 2423 n.
783 2392 841 2422 tibi
859 2391 1016 2432 llatpczgi
1030 2391 1088 2421 da!
1103 2391 1286 2424 Acidalius.
1303 2393 1377 2429 fort.
1397 2396 1472 2423 recte
