1747 2740
679 160 920 200 STICHVS
1398 157 1467 195 IV.
1489 155 1504 194 i

136 270 205 323 qui
225 271 308 312 seni
330 271 383 311 illi
404 270 670 311 concubinam
691 272 785 311 dare
805 272 982 310 dotatam
1008 269 1144 308 noluit.

136 339 215 375 AN.
248 351 368 377 senex
388 337 551 388 quidem
572 336 709 384 uoluit,
733 336 764 375 si
786 342 929 387 posset,
952 333 1135 384 indipisci
1157 334 1207 373 de
1228 332 1319 372 cibo
1334 347 1345 380 3

136 401 229 453 quia
248 402 397 453 nequit,
420 417 499 453 qua
518 404 603 453 lege
623 402 732 440 licuit
753 402 855 441 uelle
875 399 972 440 dixit
992 399 1085 438 fieri.
1489 397 1534 428 60

50 473 115 518 565
139 468 229 506 ‘fiat
246 469 254 485 ’
275 467 339 506 ille
360 467 488 517 inquit
506 468 754 506 adulescens.
817 470 825 486 ‘
839 465 923 504 faci'
947 463 1140 514 benigne'
1161 462 1290 514 inquit
1310 476 1440 502 senex.

139 532 317 572 ‘habeon
338 546 420 572 rem
440 533 650 583 pactam?'
679 531 817 582 inquit.
879 529 1041 569 ‘faciam
1063 528 1137 568 ita’
1153 528 1282 580 inquit
1305 532 1368 567 ‘ut
1389 526 1470 566 fieri

1335 593 1471 632 uoles.’

134 663 204 701 sed
226 676 299 713 ego
319 662 387 702 ibo
407 662 509 702 intro
530 670 569 702 et
587 662 812 713 gratulabor
831 667 1008 700 nostrum
1029 660 1247 699 aduentum
1269 658 1369 697 filiis.

135 735 249 778 poste
269 727 336 767 ibo
357 729 508 766 lautum
530 727 570 766 in
591 729 762 778 pyelum,
785 726 839 765 ibi
860 726 1007 765 fouebo
1028 732 1274 764 senectutem
1295 737 1436 763 meam.

135 800 225 843 post
246 792 314 832 ubi
335 795 480 840 lauero,
503 793 654 832 otiosus
676 806 748 832 uos
770 791 950 843 opperiar
969 791 1238 830 accubans.—
1492 793 1533 836 65

50 867 118 905 570
135 859 240 897 ΡΑΜ.
273 859 503 910 graphicum
526 860 733 899 mortalem
755 857 1028 908 Antiphonem
1047 859 1053 894 ἵ
1083 864 1125 895 ut
1146 857 1358 907 apologum
1381 854 1473 894 fecit

1197 934 1318 972 quam
1338 920 1447 959 fabre
1463 922 1471 958 Ξ

134 988 252 1028 etiam
274 1003 381 1028 nunc
403 991 591 1029 scelestus
613 1002 698 1028 sese
719 987 828 1028 ducit
849 1001 919 1038 pro
939 988 1252 1027 adulescentulo.

134 1055 292 1094 dabitur
313 1054 466 1094 homini
486 1054 624 1101 amica,
648 1061 769 1093 noctu
790 1067 892 1104 quae
913 1052 953 1091 in
973 1054 1077 1091 lecto
1097 1059 1278 1091 accentet
1299 1065 1434 1090 senem
1450 1065 1461 1099 ;

134 1133 307 1171 namque
328 1121 471 1170 edepol
492 1119 600 1159 aliud
620 1118 783 1170 quidem
804 1118 858 1156 illi
880 1117 976 1168 quid
996 1117 1124 1156 amica
1140 1119 1231 1168 opu'
1253 1117 1301 1155 sit
1322 1116 1468 1156 nescio.

134 1187 204 1225 sed
225 1185 322 1236 quid
343 1185 421 1236 agit
441 1185 633 1236 parasitus
654 1192 787 1224 noster
808 1184 1062 1223 Gelasimus?
1091 1183 1210 1223 etiam
1231 1184 1368 1222 ualet?
1492 1191 1533 1227 70

47 1260 111 1298 575
135 1252 205 1289 ΕΡ.
228 1250 311 1290 uidi
333 1252 475 1302 edepol
495 1249 700 1289 hominem
722 1251 799 1288 hau
821 1250 1056 1300 perdudum.
1118 1251 1222 1287 PAM.
1246 1248 1343 1299 quid
1363 1248 1472 1300 agit?

660 1359 663 1365 -
1019 1317 1088 1354 ΕΡ.
1121 1315 1232 1365 quod
1252 1313 1468 1353 famelicus.

134 1383 239 1420 PAM.
271 1382 366 1433 quin
402 1381 595 1422 uocauisti
629 1381 833 1421 hominem
864 1382 915 1421 ad
947 1395 1087 1421 cenam
1104 1382 1120 1419 ?
1189 1382 1258 1419 ΕΡ.
1291 1394 1342 1419 ne
1373 1379 1470 1430 quid

1011 1445 1230 1486 adueniens
1251 1446 1468 1496 perderem.

132 1520 252 1563 atque
291 1527 429 1552 eccum
460 1512 531 1553 tibi
563 1514 701 1564 lupum
734 1512 774 1552 in
806 1526 988 1552 sermone
1008 1527 1014 1550 :
1055 1525 1240 1564 praesens
1276 1510 1470 1550 essuriens

1344 1577 1467 1616 adest.

132 1645 237 1683 ΡΑΜ.
270 1643 519 1684 ludificemur
548 1643 764 1683 hominem.
841 1645 911 1682 ΕΡ.
943 1642 1048 1694 capti
1078 1641 1218 1682 consili
1250 1655 1469 1682 memorem

1316 1721 1466 1747 mones.

158 1823 488 1861 GELAsles
577 1823 1012 1859 PAMPHILIPPVS
1104 1822 1441 1860 EPIGNOMVS
1487 1823 1517 1862 ii

131 1906 206 1943 GE.
239 1905 318 1943 Sed
339 1904 392 1942 ita
413 1912 455 1942 ut
476 1903 614 1955 occepi
635 1917 788 1943 narrare
810 1903 924 1943 uobis
945 1918 952 1941 :
982 1916 1105 1953 quom
1126 1902 1190 1942 hic
1212 1916 1292 1943 non
1313 1902 1433 1951 adfui,

46 1971 113 2015 580
131 1972 222 2010 cum
243 1970 380 2009 amicis
401 1969 617 2009 deliberaui
638 1969 715 2008 iam
737 1977 775 2008 et
795 1983 886 2008 cum
908 1969 1085 2020 cognatis
1108 1969 1216 2008 meis.

131 2035 185 2075 ita
206 2035 259 2074 mi
279 2043 459 2075 auctores
478 2036 595 2084 fuere,
615 2043 656 2074 ut
670 2043 826 2086 egomet
843 2049 906 2074 me
922 2035 1043 2074 hodie
1059 2034 1447 2086 iugularem—farne.

174 2143 240 2181 566
257 2146 387 2181 pactam
405 2140 578 2172 Acidalins
594 2151 601 2171 :
626 2140 747 2172 saetam
765 2139 832 2171 cod.
925 2141 990 2180 568
1009 2145 1126 2180 postea
1145 2140 1200 2171 ibo
1215 2140 1363 2171 lauatum
1377 2140 1444 2172 cod.
1461 2153 1467 2172 :

129 2196 210 2217 corr.
230 2185 405 2216 Fleckeisen
510 2185 612 2224 pilum
630 2184 696 2216 cod.
716 2197 722 2216 ε
742 2195 822 2216 corr.
844 2183 1035 2215 Lambinus
1176 2185 1241 2224 569
1265 2185 1468 2215 accumbans

129 2228 197 2261 cod.
302 2239 409 2268 571—3
443 2239 548 2267 570-3
565 2228 636 2259 alii}
654 2228 842 2270 Epignomo
859 2228 942 2259 dant
957 2228 1017 2259 alii
1138 2238 1197 2267 571
1225 2229 1325 2259 etiam
1342 2228 1466 2260 Bothe:

130 2272 154 2303 it
172 2273 236 2304 iam
254 2272 320 2304 cod.
411 2282 488 2303 sese
505 2272 621 2303 Dousa
635 2283 641 2302 :
668 2282 744 2304 esse
760 2272 826 2303 cod.
841 2284 847 2303 :
873 2270 956 2315 (se)
973 2282 1050 2303 esse
1068 2271 1243 2303 Aa'a'alius
1262 2273 1314 2312 (fs-
1327 2271 1374 2302 ad
1387 2272 1466 2311 365)

129 2325 193 2356 572
227 2317 393 2347 accendet
417 2316 513 2346 PCD:
545 2321 700 2348 occentet
724 2316 966 2356 Pr‘slorigsort.
996 2319 1073 2346 recte
1198 2326 1260 2355 573
1289 2326 1374 2356 opos
1398 2315 1463 2346 cod.

131 2360 412 2400 (antiquasorma
424 2361 451 2398 ἶ)
563 2362 628 2399 576
643 2360 774 2391 uocasti
787 2360 847 2401 (ita
859 2360 943 2397 cod.)
959 2360 989 2391 h.
1005 2359 1069 2401 <ad
1084 2360 1139 2401 te>
1153 2361 1195 2390 ad
1210 2369 1327 2391 cenam
1342 2358 1470 2390 Ritschl

129 2413 191 2443 577
218 2404 333 2444 lupum
351 2408 383 2434 in
403 2415 430 2436 s.
448 2414 515 2434 non
535 2405 670 2435 omnino
681 2404 787 2446 placet
882 2406 945 2443 578
969 2403 1019 2435 vel
1033 2403 1247 2435 ludificemus
1341 2413 1406 2442 579
1430 2407 1466 2433 ut

129 2446 336 2478 Lambinus:
361 2448 453 2487 quod
469 2446 536 2479 cod.

1314 2491 1377 2520 27*
