1747 2740
720 136 898 175 PERSA
1408 136 1478 174 IV.
1500 136 1547 173 iv

57 245 123 290 645
145 250 219 286 To.
252 250 349 287 haec
370 247 440 287 erit
462 248 569 286 bono
590 247 731 297 genere
753 256 866 286 nata:
897 247 994 285 nihil
1015 247 1088 286 scit
1108 247 1181 285 nisi
1203 261 1339 286 uerum
1358 247 1478 297 loqui.

146 315 223 351 Do.
255 313 342 363 quis
364 312 464 351 fuit?
493 312 557 351 dic
579 326 736 351 nomen.
787 315 851 350 V1.
884 312 981 363 quid
1002 312 1111 351 illurn
1130 313 1315 351 miserum
1334 325 1482 351 memo-

1188 392 1268 416 rem
1291 377 1357 428 qui
1380 377 1481 416 fuit?

144 457 250 483 nunc
270 452 308 482 et
329 443 437 481 illum
461 443 653 482 Miserum
675 451 714 482 et
735 457 797 482 me
820 443 1007 482 Miseram
1032 456 1203 494 aequom
1225 451 1283 482 est
1304 442 1481 482 nomina-

1394 522 1477 547 rler.

146 576 221 613 Do.
268 574 521 624 quoiusmodi
549 573 554 626 Ι
580 574 611 612 is
639 574 679 612 in
703 576 852 625 populo
878 574 1082 613 habitust?
1125 576 1189 612 V1.
1228 587 1347 612 nemo
1377 573 1481 624 quis-
1505 585 1565 607 ¹00

1117 653 1236 689 quam
1257 638 1479 689 acceptior:

145 705 246 743 serui
266 705 458 755 liberique
478 706 675 744 amabant.
726 707 800 743 To.
834 705 1038 744 hominem
1055 705 1241 744 miserum
1263 704 1477 755 praedicas,

16 800 19 803 Δ
55 773 127 818 650
145 771 266 820 quom
288 779 326 809 et
346 770 453 821 ipsus
475 785 597 822 prope
618 771 811 821 perditust
831 779 869 809 et
891 770 1165 809 beneuolentis
1187 770 1370 820 perdidit.

146 837 222 874 Do.
257 850 400 885 emam,
425 838 576 887 opinor.
636 838 712 875 To.
749 836 866 875 etiam
897 836 1111 887 ‘opinor’?
1155 849 1312 874 summo
1339 849 1481 886 genere

1187 915 1272 939 esse
1293 901 1458 940 arbitror
1473 916 1484 949 3

143 966 300 1006 diuitias
334 975 376 1006 tu
416 981 462 1006 ex
497 967 594 1007 istac
632 968 761 1006 facies.
829 969 906 1005 Do.
948 967 1002 1005 ita
1035 966 1076 1005 di
1111 966 1256 1005 faxint!
1296 968 1370 1005 To.
1394 981 1482 1005 erne

1346 1033 1479 1071 modo.

142 1100 206 1136 V1.
239 1098 318 1137 iarn
339 1100 416 1138 hoc
443 1098 514 1138 tibi
539 1098 654 1137 dico:
684 1106 861 1137 actutum
888 1106 1041 1137 ecastor
1061 1099 1164 1137 meu'
1185 1105 1305 1148 pater,
1329 1097 1396 1137 ubi
1418 1112 1482 1137 me
1505 1112 1565 1144 105

1385 1172 1481 1202 sciet

143 1229 324 1277 nemisse,
343 1229 427 1280 ipse
446 1230 571 1268 aderit
591 1238 629 1268 et
651 1243 713 1268 me
733 1243 803 1280 aps
824 1238 862 1268 te
883 1229 1060 1269 redimet.
1121 1231 1195 1267 To.
1228 1229 1324 1279 quid
1346 1231 1482 1268 nunc?

1167 1297 1243 1333 Do.
1277 1295 1372 1345 quid
1394 1297 1482 1334 est?

53 1361 120 1406 655
144 1362 218 1398 To.
254 1360 376 1399 audin
407 1360 503 1411 quid
529 1360 612 1399 ait?
650 1363 713 1399 VI.
752 1375 843 1400 nam
874 1361 946 1400 etsi
977 1375 1036 1400 res
1067 1369 1158 1399 sunt
1187 1363 1342 1408 fractae,
1364 1360 1480 1399 amici

1223 1435 1314 1465 sunt
1334 1434 1479 1466 tamen.

145 1493 220 1529 Do.
254 1505 304 1530 ne
324 1491 376 1530 sis
397 1493 506 1542 plora
524 1507 531 1538 3
561 1492 681 1530 libera
703 1492 776 1531 eris
797 1500 987 1539 actutum,
1010 1492 1041 1530 si
1063 1492 1201 1531 crebro
1223 1493 1351 1530 cades.

142 1556 209 1594 uin
244 1570 333 1595 mea
364 1559 478 1595 esse?
531 1559 594 1595 VI.
647 1559 742 1596 dum
779 1557 941 1608 quidem
974 1572 1023 1597 ne
1055 1558 1162 1596 nimi'
1193 1557 1261 1596 diu
1296 1565 1363 1596 tua
1392 1557 1477 1605 sim,

1373 1625 1477 1662 uolo.

142 1689 215 1726 TO.
258 1688 357 1726 satin
391 1696 433 1726 ut
466 1688 646 1727 meminit
682 1688 901 1727 libertatis?
944 1688 1055 1728 dabit
1090 1689 1187 1727 haec
1222 1688 1292 1727 tibi
1323 1688 1481 1739 grandis
1504 1702 1567 1726 110

1354 1754 1479 1793 bolos.

142 1833 214 1870 age
234 1819 265 1857 si
293 1819 388 1870 quid
415 1819 506 1870 agis.
567 1833 639 1869 ego
666 1821 717 1859 ad
745 1821 851 1858 hunc
878 1821 1008 1859 redeo.
1069 1833 1244 1870 sequere.
1305 1820 1482 1859 redduco

1272 1886 1375 1924 hanc
1396 1885 1478 1924 tibi.

55 1952 125 1988 660
145 1952 221 1990 Do.
250 1952 494 1999 adulescens,
510 1951 577 1990 uin
600 1953 774 1991 uendere
794 1951 949 1990 istanc?
978 1953 1072 1991 SAG.
1102 1950 1215 2002 magi'
1229 1951 1339 1990 lubet
1360 1964 1479 2001 quam

1304 2017 1478 2067 perdere.

185 2121 249 2158 648
272 2120 414 2159 quiusA
472 2118 622 2163 (suo>in
637 2125 800 2151 memorat
813 2120 939 2161 Ussing
948 2120 997 2160 (A
1013 2131 1044 2152 n.
1058 2120 1096 2161 l.)
1138 2120 1480 2160 s01·t.quoiusmodist

146 2188 153 2195 .
166 2189 172 2195 .
189 2190 196 2196 .
209 2165 346 2194 habitus
361 2165 406 2201 <A
419 2164 497 2203 ml.)
577 2166 643 2203 650
660 2175 738 2204 qum
753 2166 816 2205 (et)
830 2165 862 2194 A
878 2176 884 2195 ε
905 2169 938 2195 et
950 2175 1016 2195 om.
1029 2164 1061 2195 P
1104 2164 1208 2204 probe
1220 2164 1335 2203 Bothe,
1345 2164 1479 2204 Ritschl,

141 2207 259 2248 quibus
285 2219 392 2248 prope
419 2214 478 2248 pro
502 2207 638 2249 ‘paene‘
665 2208 804 2249 displicet
837 2208 869 2237 A
890 2220 923 2239 n.
950 2209 988 2248 l.)
1133 2210 1193 2247 651
1221 2208 1272 2238 vel
1296 2208 1397 2248 opino
1417 2233 1423 2239 .
1440 2232 1447 2239 .
1468 2232 1476 2239 .

141 2253 245 2292 opino
365 2254 512 2282 etiamne
545 2252 684 2282 Mueller
714 2253 761 2292 (A
796 2263 828 2283 u.
864 2253 903 2286 l.)
1049 2254 1114 2291 653
1146 2257 1295 2282 actutum
1323 2250 1479 2282 Gm'etus:

143 2296 239 2337 [iam]
263 2300 411 2327 actutum
436 2295 476 2333 P,
503 2296 535 2326 A
560 2308 591 2328 η.
609 2297 628 2327 Ι,
763 2298 826 2336 654
853 2298 980 2337 uenisffie
1007 2297 1107 2336 (ipkje
1131 2297 1237 2327 ade*
1256 2296 1314 2327 A:
1342 2296 1479 2326 uenisse

142 2340 207 2370 huc
230 2340 337 2371 aderit
362 2341 415 2370 hic
441 2339 474 2369 P
574 2341 632 2371 abs
656 2346 688 2372 te
711 2340 835 2372 Bothe:
872 2336 1049 2371 abssentem
1074 2341 1112 2374 P,
1141 2340 1172 2370 A
1201 2351 1233 2371 n.
1259 2341 1277 2369 l.
1413 2341 1476 2379 657

144 2394 186 2414 ne
203 2394 267 2414 om.
289 2384 320 2413 A
338 2388 372 2414 ul
384 2383 449 2414 vid.
553 2386 684 2424 659—70
703 2386 907 2426 pcmct'sst'ma
924 2386 957 2416 1‘11
974 2386 1125 2416 arlreme's
1140 2384 1284 2416 versibus
1299 2388 1425 2415 servata
1442 2384 1475 2413 A

142 2429 207 2458 660
231 2428 279 2458 vel
299 2439 395 2467 mage
