1747 2740
553 155 724 192 MILES
754 154 1068 194 GLORIOSVS
1423 155 1476 192 II.
1498 154 1544 193 iii

148 277 200 304 ne
219 263 290 303 tibi
311 265 412 303 clam
434 277 475 303 se
496 265 750 314 supterducat
771 263 887 303 istinc
906 272 1025 315 atque
1047 266 1124 303 huc
1145 272 1325 304 transeat.

148 331 211 368 SC.
242 329 451 369 consilium
473 337 532 368 est
552 329 605 368 ita
625 331 763 368 facere.
825 332 894 368 ΡΑ.
927 331 1030 380 pede
1060 343 1133 379 ego
1163 330 1240 368 iam
1271 330 1375 368 illam
1403 331 1481 369 huc

1003 395 1074 433 tibi
1096 395 1229 434 sistam
1247 395 1285 433 in
1307 396 1481 434 uiam.—

60 470 126 507 345
148 462 211 499 Sc.
242 461 412 510 agedum
433 475 526 511 ergo
547 463 641 499 face.
698 462 791 500 uolo
813 461 911 499 scire
932 469 1060 499 utrum
1084 475 1185 511 egon
1207 461 1247 500 id
1268 464 1377 511 quod
1399 461 1481 500 uidi

1313 527 1481 565 uiderim

145 604 197 629 an
218 590 296 629 illic
316 590 443 638 faciat,
466 592 575 641 quod
596 592 790 629 facturum
812 591 917 638 dicit,
942 598 984 629 ut
1005 605 1051 630 ea
1072 591 1120 630 sit
1141 591 1261 631 domi.
1502 602 1542 638 75

146 669 238 694 narn
259 656 496 706 egoquidem
519 669 629 694 meos
650 657 788 694 oculos
809 656 939 694 habeo
960 670 1034 694 nec
1054 669 1149 707 rogo
1170 657 1341 694 utendos
1361 656 1465 695 foris.

145 722 216 760 sed
236 721 301 759 hic
321 720 376 759 illi
397 720 706 771 subparasitatur
726 734 890 771 semper,
915 721 979 759 hic
1000 735 1069 760 eae
1089 729 1332 772 proxumust,

145 785 294 837 primus
314 787 365 824 ad
386 785 520 824 cibum
542 793 715 833 uocatur,
739 785 868 836 primo
888 787 1139 836 pulmentum
1160 787 1299 835 datur;

58 861 127 899 350
145 865 237 889 nam
258 851 337 890 illic
357 858 490 890 noster
510 858 568 890 est
589 853 752 890 fortasse
773 851 925 891 circiter
945 852 1157 891 triennium

144 929 274 967 neque
289 916 505 967 quoiquam
527 929 646 966 quam
668 916 746 955 illic
762 916 802 954 in
823 924 956 955 nostra
972 917 1129 956 meliust
1150 919 1298 956 famulo
1320 918 1475 956 familia.
1498 925 1539 956 80

143 982 214 1020 sed
238 995 312 1032 ego
332 983 409 1020 hoc
436 983 546 1032 quod
569 995 654 1032 ago,
679 983 719 1020 id
749 995 813 1020 me
836 996 950 1033 agere
979 990 1147 1033 oportet,
1168 984 1245 1021 hoc
1270 997 1479 1034 opseruare

1319 1058 1476 1087 OStlum.

143 1111 199 1151 sic
219 1112 420 1163 opsistam.
481 1113 555 1151 hac
582 1112 744 1163 quidem
772 1114 839 1163 pol
860 1120 967 1152 certo
988 1113 1110 1152 uerba
1134 1113 1230 1152 mihi
1258 1128 1476 1164 numquam

1310 1181 1473 1219 dabunt

323 1295 691 1332 PALAESTRIO
803 1296 1295 1334 PHILOCOMASIVM
1496 1297 1544 1335 iv

644 1361 975 1398 SCELEDRVS

195 1436 265 1473 ΡΑ.
298 1436 513 1485 Praecepta
532 1435 651 1473 facito
673 1443 714 1473 ut
735 1435 972 1474 memineris.
1040 1439 1114 1475 PH.
1147 1437 1292 1477 totiens
1314 1452 1475 1478 monere

1282 1504 1471 1543 mirumst.

51 1575 119 1613 355
195 1567 263 1603 ΡΑ.
295 1573 335 1603 at
359 1574 494 1604 metuo
515 1574 557 1604 ut
581 1566 664 1604 sati’
693 1566 743 1604 sis
765 1567 944 1605 subdola.
1006 1569 1080 1605 PH.
1114 1569 1214 1607 cedo
1236 1570 1299 1607 uel
1320 1571 1472 1618 decern,

1293 1636 1474 1674 edocebo

192 1695 355 1734 minime
376 1698 498 1734 malas
519 1704 561 1734 ut
583 1696 659 1735 sint
680 1699 817 1744 malae,
841 1698 938 1735 mihi
959 1700 1066 1737 solae
1087 1700 1196 1748 quod
1218 1702 1389 1750 superfit.

190 1775 262 1812 age
301 1762 487 1800 nunciam
525 1762 661 1801 insiste
697 1763 736 1801 in
776 1765 914 1812 dolos3
953 1778 1026 1814 ego
1060 1778 1131 1815 aps
1166 1773 1204 1804 te
1242 1769 1379 1816 procul
1418 1781 1473 1806 re-

1317 1834 1467 1871 cedam.

191 1894 260 1931 ΡΑ.
292 1892 389 1943 quid
418 1893 474 1931 ais
500 1901 552 1940 tu,
576 1895 788 1933 Sceledre?
845 1896 908 1933 Sc.
941 1896 1043 1933 hanc
1071 1909 1152 1934 rem
1179 1897 1281 1946 gero.
1342 1899 1470 1936 habeo
1492 1914 1510 1945 5

979 1961 1094 2008 auris,
1116 1963 1277 2011 loquere
1299 1963 1467 2013 quiduis.

191 2025 262 2063 PA.
292 2026 412 2063 credo
439 2037 512 2074 ego
539 2024 638 2063 istoc
665 2026 847 2076 exemplo
874 2025 946 2064 tibi
976 2040 1061 2065 esse
1089 2029 1334 2077 pereundum
1364 2037 1469 2067 extra

1302 2102 1469 2143 portam,

179 2197 242 2227 344
268 2188 355 2227 pede
371 2187 545 2218 Acidalius
559 2199 565 2219 z
582 2189 688 2228 pedes
700 2188 765 2219 cod.
856 2189 969 2220 accedit
983 2189 1015 2219 A
1108 2190 1246 2221 inuitam
1264 2191 1297 2222 P
1403 2203 1466 2233 345

137 2232 244 2271 egoP
345 2241 407 2271 347
433 2242 517 2270 roga
533 2232 649 2262 utendi
668 2232 771 2274 (ΚΡΕὉ)
789 2233 838 2263 vel
853 2238 949 2272 rogat
967 2234 1091 2264 utende
1125 2233 1170 2274 B)
1183 2234 1216 2264 Ρ
1301 2237 1364 2274 348
1382 2247 1420 2266 ea
1438 2237 1472 2266 P

137 2284 202 2314 350
226 2275 427 2306 sortassetP
442 2279 533 2314 (corr.
553 2276 614 2308 Β-’ὶ
736 2286 797 2316 351
823 2277 873 2308 vel
888 2277 1080 2316 quoiiquam
1098 2288 1196 2316 quam
1216 2278 1260 2309 illi
1280 2280 1341 2319 (illi
1360 2279 1465 2319 codd.)

137 2319 170 2348 in
185 2329 250 2351 om.
263 2318 297 2349 P
405 2328 468 2358 352
493 2319 572 2358 quid
590 2319 623 2349 Ρ
722 2330 785 2360 354
811 2321 908 2351 tolles
922 2320 967 2350 P<
981 2320 1036 2351 LL
1050 2326 1111 2361 pro
1122 2321 1164 2351 TI
1183 2333 1190 2360 ;
1208 2323 1250 2353 vi.
1267 2326 1297 2352 ι’)
1402 2333 1466 2363 355

137 2367 173 2392 ut
182 2373 247 2393 om.
267 2362 300 2392 A
435 2365 500 2402 356
525 2363 663 2394 Memini
680 2363 714 2394 Ρ
800 2365 874 2395 sola
891 2375 977 2404 equo
994 2365 1027 2395 Ρ
1156 2375 1218 2404 357
1245 2366 1469 2398 Palaestriom'

137 2405 247 2436 tn'bus't
262 2405 294 2435 P
310 2405 357 2436 (A
374 2417 405 2437 n.
427 2407 467 2443 l.)
547 2407 611 2437 iam
629 2418 719 2438 nunc
736 2407 769 2437 P
862 2409 927 2446 358
950 2408 1016 2449 εἰς]
1035 2419 1072 2439 as
1088 2408 1122 2438 Ρ
1138 2410 1187 2449 (cf.
1208 2412 1287 2449 3375
1399 2422 1464 2451 359

137 2449 295 2489 exemplo
325 2450 402 2487 (3¹)
436 2461 480 2480 an
516 2452 686 2490 extemplo
721 2449 873 2492 &perag-2.)
900 2457 1003 2483 ιιι-ι’νί.
1033 2452 1066 2482 P
1144 2463 1220 2483 esse
1252 2456 1461 2493 pereundum

137 2493 355 2540 (perfundum
389 2494 434 2531 A,
469 2496 617 2525 eundum
647 2494 732 2525 codd.
771 2495 863 2535 Gell.)
894 2502 988 2526 extra
1015 2501 1143 2536 portam
1176 2499 1219 2534 A,
1247 2498 1336 2528 codd.
1373 2498 1467 2530 Gellii
