1747 2740
613 158 935 200 PSEVDOLVS
1388 163 1454 201 IV.
1476 163 1508 201 il

127 274 200 313 BA.
232 276 362 322 credo,
399 274 438 314 in
479 274 661 321 tenebris,
702 275 952 325 conspicatus
992 275 1023 313 si
1063 275 1114 314 sis
1155 289 1227 322 me,
1264 277 1461 327 apstineas

1286 355 1458 380 manum.

127 406 261 443 Suum.
294 405 374 443 eru’
394 418 505 444 meus
527 404 596 443 tibi
618 418 682 443 me
702 406 868 443 salutem
891 407 1055 444 multam
1077 406 1202 444 uoluit
1223 405 1364 446 dicere.
1486 422 1524 453 25

127 470 231 508 hanc
251 470 458 520 epistulam
479 469 614 520 accipe
634 484 657 507 a
678 484 752 516 me,
776 471 878 508 hanc
900 484 964 509 me
985 470 1054 508 tibi
1077 470 1187 510 iussit
1208 473 1312 511 dare.

129 537 200 574 BA.
233 534 321 585 quis
346 534 376 574 is
407 537 566 574 homost
593 534 660 586 qui
691 535 832 574 iussit?
890 537 952 574 ΡΞ.
985 535 1104 587 perii!
1141 550 1247 575 nunc
1274 538 1396 577 homo
1423 537 1462 576 in

1166 602 1299 642 medio
1319 605 1464 650 lutost3

39 673 105 717 985
127 680 274 706 nomen
296 666 432 715 nescit,
455 668 589 705 haeret
609 667 707 705 haec
728 681 798 706 res.
860 668 932 706 BA.
965 666 1084 718 quem
1113 668 1215 706 hanc
1241 668 1392 707 misisse
1412 669 1463 707 ad

1171 747 1234 772 me
1254 735 1464 772 autumas?

128 800 262 837 SIMIA.
295 811 417 837 nosce
437 797 647 848 imaginem
668 813 674 836 :
705 806 788 837 tute
808 797 908 837 eiius
930 812 1076 837 nomen
1100 806 1318 838 memorato
1340 798 1450 848 mihi,

128 871 170 902 ut
190 863 312 902 sciam
333 871 371 902 te
393 863 614 903 Ballionem
635 879 721 903 esse
742 864 882 915 ipsum.
936 867 1006 902 BA.
1030 866 1132 904 cedo
1153 865 1206 903 mi
1227 865 1447 916 epistulam.
1485 881 1524 912 30

128 930 262 968 S1M1A.
285 929 421 981 accipe
442 938 480 969 et
501 944 698 981 cognosce
719 928 886 981 signum.
944 932 1014 969 ΒΑ.
1039 932 1091 969 oh
1110 934 1116 969 ἔ
1140 932 1465 981 Polymachaero-

1288 995 1464 1047 plagides

126 1074 246 1111 purus
267 1068 385 1111 putus
406 1068 465 1100 est
485 1061 603 1112 ipsus.
664 1060 769 1100 noui.
830 1061 952 1100 heus!
985 1061 1445 1113 Polymachaeroplagidi

38 1141 109 1176 990
127 1140 275 1164 nomen
295 1134 364 1165 est.
406 1128 540 1165 S1M1A.
565 1126 647 1166 scio
668 1126 746 1165 iam
768 1140 831 1165 me
853 1135 957 1166 recte
978 1126 1049 1166 tibi
1066 1126 1224 1166 dedisse
1241 1127 1461 1178 epistulam,

127 1198 337 1242 postquam
360 1192 871 1243 Polymachaeroplagidem
893 1193 1072 1231 elocutus
1095 1206 1244 1232 nomen
1265 1207 1316 1232 es.

128 1259 199 1295 BA.
232 1257 329 1307 quid
348 1257 427 1308 agit
457 1257 519 1296 is?
575 1260 710 1297 S1M1A.
744 1259 854 1308 quod
882 1259 1004 1297 homo
1035 1259 1178 1309 edepol
1207 1258 1315 1298 fortis
1344 1266 1464 1309 atque
1486 1272 1525 1304 35

671 1326 674 1332 ’
1118 1325 1283 1364 bellator
1303 1325 1462 1376 probus.

126 1390 197 1429 sed
212 1403 378 1441 propera
393 1391 496 1429 hanc
517 1391 712 1441 pellegere
729 1404 878 1441 quaeso
894 1389 1103 1441 epistulam
1122 1389 1192 1441 (ita
1206 1389 1464 1442 negotiumst)

124 1462 245 1505 atque
263 1454 442 1506 accipere
462 1463 668 1506 argentum
691 1463 868 1494 actutum
892 1455 1178 1506 mulieremque
1199 1456 1389 1495 emittere.

37 1534 103 1572 995
126 1533 217 1558 nam
245 1533 407 1560 necesse
428 1518 522 1574 [est]
552 1520 672 1560 hodie
700 1520 860 1571 Sicyoni
888 1534 952 1560 me
979 1534 1065 1560 esse
1091 1528 1158 1559 aut
1185 1534 1269 1560 cras
1295 1530 1462 1561 mortem

1288 1587 1460 1637 exsequi,

124 1649 179 1690 ita
197 1653 276 1689 eru'
298 1666 408 1691 meus
429 1659 487 1691 est
509 1651 754 1703 imperiosus.
816 1653 886 1690 BA.
921 1650 1026 1698 noui,
1051 1650 1155 1690 notis
1176 1651 1391 1702 praedicas.

178 1718 312 1756 SIMIA.
345 1731 511 1768 propera
543 1719 736 1769 pellegere
769 1716 977 1768 epistulam
1019 1730 1121 1767 ergo.
1196 1719 1268 1755 BA.
1302 1718 1341 1756 id
1374 1732 1460 1768 ago,
1484 1736 1527 1768 40

1121 1781 1152 1821 si
1175 1789 1304 1822 taceas
1327 1784 1458 1822 modo.

235 1853 244 1870 ‘
258 1848 369 1888 miles
390 1849 523 1889 lenoni
547 1848 714 1888 Ballioni
737 1848 946 1899 epistulam

232 1913 495 1966 conscriptam
517 1914 635 1953 mittit
658 1912 1158 1964 Polymachaeroplagides,

18 1990 107 2018 1000
232 1977 402 2029 imagine
423 1979 669 2030 opsignatam
692 1992 794 2029 quae
815 1978 916 2017 inter
937 1991 1009 2016 nos
1031 1978 1113 2017 duo

167 2084 231 2124 983
249 2083 350 2114 hasce
362 2094 438 2115 corr.
454 2083 541 2114 hanc
556 2086 592 2113 ut
603 2082 665 2114 vid.
681 2083 822 2122 (hansce
840 2082 873 2119 T,
888 2082 1014 2112 hanasc
1026 2081 1070 2117 B]
1085 2080 1117 2111 Ρ
1168 2082 1245 2113 vcla
1259 2083 1334 2113 med
1393 2083 1459 2114 han

124 2138 178 2158 me
192 2127 224 2157 A
293 2129 356 2167 984
374 2127 473 2167 periit
486 2126 518 2157 Ρ
582 2131 654 2157 tuto
673 2131 725 2157 est
737 2126 769 2157 Ρ
833 2127 898 2166 988
916 2130 948 2155 et
961 2136 1030 2155 om.
1047 2125 1080 2156 P
1144 2126 1209 2165 989
1227 2127 1344 2168 putus]
1360 2133 1461 2158 nutus

125 2169 188 2210 (T)
200 2170 249 2202 vel
262 2176 374 2202 mutus
390 2171 493 2211 (PBG)
509 2170 542 2200 P
585 2170 638 2201 Ps.
662 2171 717 2210 (ut
732 2169 815 2200 vid&
834 2169 1097 2209 polymachaero
1116 2168 1312 2208 placidesP
1396 2181 1463 2210 990

124 2214 183 2245 tibi
201 2225 254 2245 me
272 2220 365 2245 recte
382 2214 416 2245 P
510 2224 570 2254 991
599 2213 844 2254 polymachero
863 2213 994 2254 placide
1012 2213 1043 2244 Ρ
1130 2213 1183 2254 es]
1202 2224 1240 2244 se
1257 2214 1289 2242 A
1396 2225 1462 2254 992

124 2257 220 2299 quid]
239 2259 301 2290 sed
319 2259 398 2298 quid
415 2258 449 2288 P
539 2268 603 2298 994
629 2258 873 2297 mulieremque
897 2258 1056 2289 Gm'etus:
1080 2256 1324 2297 mulieremque
1344 2257 1459 2299 [mihi]

124 2302 157 2332 Ρ
168 2303 241 2334 niv.
251 2304 286 2342 3)
297 2314 303 2332 :
324 2302 501 2333 mulierem
513 2302 544 2331 A
636 2312 700 2341 995
718 2307 769 2332 est
780 2302 904 2341 seclusi,
914 2311 995 2332 nam
1010 2305 1150 2331 necesse
1164 2306 1215 2332 est
1226 2301 1460 2341 vhrfirendum

125 2345 225 2377 hodie
248 2346 389 2386 Sicyoni
414 2350 588 2376 necessest
615 2345 744 2376 Ritschl
872 2355 935 2384 997
972 2354 1055 2383 ergo
1081 2345 1260 2384 epistulam
1284 2345 1396 2384 Bothe,
1426 2350 1463 2375 u!

124 2400 237 2420 versus
247 2390 499 2432 trochaimsfiat
572 2390 600 2420 si
615 2395 730 2420 taceas
744 2389 862 2430 modo]
877 2388 1030 2430 (macnus
1044 2389 1091 2430 sis
1105 2389 1204 2419 modo
1218 2389 1249 2418 A
1378 2400 1462 2421 1000

125 2433 270 2473 imagine
290 2434 487 2464 Gulielmius
502 2445 507 2464 :
534 2432 714 2472 imaginem
732 2432 821 2466 codd.

170 2509 291 2531 PLAVT.
310 2510 334 2530 ιι
1331 2501 1372 2530 ’20
