1747 2740
184 117 254 155 IV.
278 119 322 155 vi
702 123 748 159 T.
783 122 963 161 MACCI
996 123 1201 161 PLAVTI

281 230 348 266 Pv.
373 230 588 267 leuandum
605 229 785 267 morbum
806 229 956 268 mulieri
974 229 1103 269 uideo.
1154 232 1226 269 M1.
1250 237 1293 269 ut
1309 230 1465 270 tremit!
1494 238 1615 282 atque

1421 295 1611 343 extimuit,

276 366 489 409 postquam
520 366 557 397 te
581 359 740 410 aspexit.
814 362 880 398 ΡΥ.
913 359 985 398 uiri
1017 373 1178 410 quoque
1207 361 1345 399 armziti
1376 361 1482 400 idem
1512 361 1612 400 istuc

1450 427 1610 471 faciunt,

276 502 326 527 ne
348 496 389 527 tu
412 489 550 528 mirere
572 490 785 528 mulierem.
824 491 894 528 sed
912 489 1008 540 quid
1028 489 1104 542 (est
1121 489 1248 542 quod)
1267 493 1350 529 uolt
1372 505 1434 530 me
1455 493 1612 530 facere?

214 561 256 592 60
278 555 350 592 M1.
400 555 452 593 ad
501 568 542 592 se
581 562 623 593 ut
662 568 750 593 eas:
799 562 930 593 tecum
980 555 1114 594 uiuere'
1162 557 1245 594 uolt
1283 564 1402 606 atque
1441 564 1610 595 aetatem

1446 621 1608 672 exigere.

276 686 344 723 ΡΥ.
376 698 477 735 egon
499 685 549 724 :id
571 685 676 724 illam
698 699 784 724 earn
807 699 908 736 quae
933 694 1056 736 nupta
1083 685 1163 724 sit?
1193 685 1251 724 uir
1275 685 1358 724 eius
1386 700 1449 725 me
1476 687 1611 737 depre-

1447 753 1607 791 hendat

275 818 351 855 M1.
382 816 477 867 quin
498 824 565 856 tua
586 830 722 856 caussa
744 817 870 868 exegit
891 816 1018 856 uirum
1043 817 1094 856 ab
1119 830 1170 856 se.
1232 819 1299 856 ΡΥ.
1333 817 1398 867 qui
1421 817 1461 855 id
1483 818 1609 856 facere

1083 871 1085 873 ¹
1449 882 1577 933 potuit
1593 884 1610 921 ?

275 949 348 986 M1.
373 945 498 1000 [quia]
513 948 631 987 aedes
647 947 790 987 dotalis
808 947 928 987 huiiu'
945 956 1046 987 sunt.
1090 950 1157 986 Pv.
1182 948 1319 986 itane?
1360 949 1432 986 Μι.
1456 947 1509 986 ita
1529 949 1606 998 pol.

1140 1015 1208 1052 Pv.
1241 1013 1333 1052 iube
1354 1015 1519 1053 domum
1540 1014 1604 1053 ire.

272 1078 348 1117 iam
371 1092 444 1129 ego
465 1078 518 1116 illi
540 1091 616 1117 ero.
679 1080 752 1117 M1.
784 1078 877 1118 uide
897 1078 947 1117 ne
969 1078 1044 1118 sies
1065 1078 1105 1117 in
1125 1079 1430 1130 exspectatione,

209 1152 251 1194 65
273 1157 322 1182 ne
354 1144 460 1182 illam
495 1143 616 1182 animi
651 1144 859 1183 excrucies.
921 1146 989 1182 ΡΥ.
1026 1157 1107 1183 non
1139 1158 1206 1184 ero
1240 1145 1427 1196 profecto.
1487 1144 1604 1184 abite.

1277 1212 1350 1249 M1.
1382 1210 1607 1250 abimus.—

272 1277 339 1314 Pv.
372 1277 442 1314 sed
475 1276 570 1326 quid
606 1289 679 1326 ego
712 1275 863 1315 uideo?
921 1277 990 1314 ΡΑ.
1022 1275 1120 1327 quid
1155 1275 1298 1315 uides?
1356 1278 1424 1315 Pv.
1457 1277 1606 1317 nescio-

1189 1342 1277 1392 quis
1298 1355 1436 1381 eccum
1458 1342 1606 1382 incedit

269 1414 409 1445 ornatu
431 1406 591 1457 quidem
615 1406 834 1445 thalassico.
897 1408 965 1445 PA.
999 1406 1027 1445 it
1048 1408 1099 1446 ad
1120 1421 1204 1455 nos,
1228 1409 1311 1447 uolt
1333 1416 1370 1447 te
1391 1410 1580 1458 profecto.

269 1474 473 1511 nauclerus
495 1471 723 1522 hicquidem
745 1479 813 1510 est.
875 1473 942 1510 ΡΥ.
976 1471 1161 1511 uidelicet
1189 1472 1354 1512 accersit
1383 1474 1486 1512 hanc
1513 1473 1602 1513 iarn.

1369 1540 1438 1576 ΡΑ.
1471 1541 1603 1579 credo.

313 1653 393 1682 1272
418 1647 453 1674 ut
470 1642 585 1673 tremit
607 1640 805 1673 Hermann:
834 1641 969 1683 [uiden]
992 1648 1028 1674 ut
1051 1644 1164 1676 tremit
1191 1645 1325 1686 (iubent
1342 1645 1470 1676 adirem
1488 1644 1539 1684 B;
1564 1646 1600 1686 qf.

266 1687 313 1718 ad
328 1688 424 1727 1273)
438 1686 502 1719 cod.
524 1686 568 1727 (ji.
588 1687 624 1725 6)
764 1695 846 1726 1273
866 1690 941 1726 post
956 1686 1083 1719 faciunt
1099 1690 1249 1728 sequitur
1264 1689 1341 1720 iube
1354 1689 1487 1720 domum
1505 1689 1552 1720 ire
1569 1690 1603 1721 in

265 1731 298 1762 P
319 1733 400 1772 <non
427 1731 461 1760 in
483 1730 514 1760 A
543 1733 578 1760 ut
609 1729 698 1769 vicl),
720 1740 803 1769 quae
833 1730 928 1761 verba
966 1733 1184 1764 retractatoris
1213 1733 1324 1773 fuisse
1347 1733 1437 1764 credo
1461 1733 1520 1774 qui
1550 1744 1599 1766 vv.

268 1776 396 1815 1272-8
424 1775 566 1804 omittere
587 1773 711 1804 voluit:
737 1773 807 1813 del„
834 1778 872 1804 ut
893 1785 932 1804 ex
948 1786 976 1806 v.
1002 1778 1083 1815 1278
1107 1776 1208 1817 illata,
1229 1777 1406 1808 Aa'dalius
1521 1787 1602 1818 1274

267 1818 417 1862 [melius]
446 1818 620 1848 mulierem
647 1816 713 1849 cod.
745 1818 802 1857 (iv.
829 1820 889 1856 35:
916 1819 1036 1851 melius
1067 1821 1125 1852 del.
1153 1820 1312 1852 Gm'etus:
1337 1823 1411 1853 eius
1435 1821 1512 1853 mul.
1538 1821 1605 1853 Leo

265 1869 316 1895 est
339 1862 427 1903 quod
445 1860 560 1891 addidi
575 1862 636 1901 (iii.
661 1862 734 1901 11):
762 1872 791 1900 q.
811 1860 912 1906 (iila)
930 1863 1058 1895 Rstschl
1148 1871 1318 1897 metacere
1338 1876 1406 1907 gme
1423 1866 1542 1897 tacerit
1558 1866 1600 1905 Β,

265 1913 332 1938 met
350 1918 450 1947 agere
464 1905 572 1945 PCD):
589 1915 682 1948 -cere
699 1905 732 1935 A
853 1917 934 1947 1275
958 1909 1000 1939 ad
1017 1910 1078 1941 sed
1098 1920 1155 1941 eas
1178 1909 1211 1939 Β
1229 1912 1299 1950 §vix
1314 1911 1404 1950 recte)
1521 1911 1603 1950 1276

264 1953 304 1983 ad
325 1963 391 1983 om.
413 1950 485 1980 PCD
598 1961 651 1980 me
668 1952 905 1992 deprehendat
924 1950 1053 1986 Loewe:
1080 1965 1134 1996 me
1149 1980 1154 1987 .
1168 1979 1175 1987 .
1193 1979 1200 1986 .
1215 1979 1221 1985 .
1236 1979 1243 1986 .
1263 1980 1269 1987 .
1285 1956 1342 1986 dat
1365 1955 1399 1984 A
1417 1967 1423 1985 ε
1449 1960 1603 1986 metuere

265 1997 410 2026 hendast
440 1995 656 2036 (metuendus
685 2002 737 2027 est
766 1997 811 2027 Bi
841 1997 893 2027 P:
927 1998 1003 2028 med
1030 2003 1065 2029 ut
1092 1999 1236 2039 prendat
1259 1999 1480 2038 (prehendam
1507 1997 1603 2030 Goets

269 2050 348 2079 1277
374 2040 481 2079 exigit
493 2039 558 2071 cod.
653 2053 723 2073 ase
741 2042 889 2072 Merula:
928 2042 1100 2084 assc[qui]
1129 2042 1231 2082 (pem
1257 2043 1306 2074 vel
1326 2041 1516 2083 obse[quit]
1538 2042 1600 2081 (B)

263 2083 329 2115 cod.
345 2085 402 2116 dv.
413 2085 449 2123 3)
535 2087 615 2126 quid
630 2088 637 2117 2
665 2088 720 2126 qui
735 2088 766 2118 id
782 2087 995 2118 Cameran'ns
1103 2088 1184 2126 1278
1208 2087 1285 2126 quia
1313 2087 1410 2117 ctiam
1422 2086 1454 2116 A
1470 2090 1505 2116 ut
1518 2085 1599 2117 vid)

264 2127 322 2159 del.
350 2128 429 2158 Reiz
449 2130 503 2170 (rs.
523 2130 569 2160 (τά
587 2132 676 2171 752).
727 2130 836 2171 Neque
861 2131 939 2170 quia
968 2131 1072 2161 aedes
1089 2130 1193 2171 placet
1212 2141 1313 2170 ncqm·
1333 2131 1367 2160 in
1393 2134 1511 2170 quarto
1524 2129 1602 2170 pede

265 2172 363 2203 huius
395 2178 473 2204 sunt
586 2175 664 2205 iube
691 2174 810 2205 Weise:
837 2175 946 2205 iubam
973 2174 1058 2205 cod:
1083 2174 1164 2213 sort.
1191 2174 1290 2205 iuben
1428 2183 1510 2213 1279
1535 2174 1599 2204 iam

264 2215 366 2246 Bothe
382 2229 387 2246 z
414 2219 490 2249 itam
509 2218 575 2250 cod.
670 2219 703 2249 in
722 2230 776 2250 ex.
794 2218 866 2249 Ital.
883 2230 889 2248 :
915 2218 1162 2256 inspectatione
1180 2218 1453 2258 (exspectatione
1469 2216 1513 2247 B*
1531 2217 1599 2250 cod.

265 2270 306 2289 ne
323 2261 371 2291 sis
388 2262 447 2302 (fla
464 2262 550 2300 cod.)
568 2261 659 2304 (illi)
677 2263 709 2292 in
725 2273 778 2293 ex.
799 2261 936 2292 Mueller
950 2261 1081 2299 ¹&Rhe-in.
1103 2260 1191 2292 Mus.
1211 2271 1262 2301 54.
1283 2261 1363 2300 400)
1468 2261 1549 2291 1282
1575 2261 1599 2291 it

264 2304 306 2333 ad
325 2315 386 2335 nos
406 2305 507 2337 [ἶνας
537 2306 599 2336 iam
614 2306 807 2346 (proitanffi
827 2315 893 2335 non
916 2304 980 2336 cod.
1087 2305 1168 2344 1283
1194 2305 1278 2336 hanc
1296 2306 1368 2336 iam.
1409 2304 1467 2335 ΡΑ.
1496 2305 1597 2336 credo

266 2347 330 2381 Leo
342 2352 417 2389 post
434 2348 516 2380 alios
531 2361 537 2380 :
559 2350 643 2381 hanc
658 2369 698 2373 —
714 2349 747 2379 A
767 2361 774 2381 τ
800 2349 861 2379 hac
876 2348 952 2379 itam
974 2347 1058 2390 [hic]
1077 2349 1178 2379 credo
1194 2348 1227 2380 Ρ

1633 567 1721 603 1275

1631 1145 1721 1179 1280
