1747 2740
591 129 939 171 TRINVMMVS
1369 131 1438 168 IV.
1460 129 1492 167 fi

105 257 179 294 ego
199 243 252 283 ob
273 245 375 283 hanc
396 257 557 295 operam
578 251 782 295 argentum
804 242 951 294 accepi,
971 250 1008 282 te
1030 250 1161 282 macto
1182 241 1422 281 infortunio:

105 317 279 349 ceterum
301 309 367 360 qui
389 309 452 356 sis,
476 308 543 360 qui
565 323 645 348 non
667 309 729 356 sis,
753 310 922 348 floccum
944 322 1025 347 non
1048 307 1272 347 interduim.

17 387 83 424 995
105 374 182 422 ibo,
205 376 256 414 ad
277 374 386 413 illum
408 374 644 414 renuntiabo
666 374 732 425 qui
755 373 850 412 mihi
872 373 938 412 tris
959 387 1145 412 nummos
1167 373 1288 420 dedit,

105 448 147 479 ut
167 440 264 479 sciat
285 454 326 479 se
347 440 576 491 perdidisse.
636 454 709 490 ego
729 440 841 479 abeo.
902 440 1004 478 male
1025 439 1117 478 uiue
1138 446 1176 478 et
1197 441 1284 478 uale
1303 441 1309 476 ἔ

104 505 171 556 qui
193 512 231 544 te
246 505 286 544 di
303 519 442 545 omnes
459 504 740 544 aduenientem
757 518 916 556 peregre
933 505 1111 555 perdant,
1128 504 1363 545 Charmides
1380 506 1442 543 1-
1465 517 1524 551 155

212 634 289 674 CH.
323 640 533 684 postquam
556 633 634 672 illic
655 632 748 672 hinc
768 632 873 680 abiit,
897 640 986 683 post
1007 632 1198 684 loquendi
1219 633 1340 673 libere

211 698 368 737 uidetur
389 706 545 749 tempus
566 698 723 737 uenisse
743 705 862 748 atque
883 697 1051 737 occasio.

0 779 86 807 1000
212 764 290 803 iam
311 764 465 803 dudum
488 777 622 802 meum
644 765 707 802 ille
729 771 866 814 pectus
887 763 1026 814 pungit
1046 765 1218 812 aculeus,

213 829 310 880 quid
332 829 387 868 illi
407 829 541 880 negoti
561 829 676 868 fuerit
696 837 787 868 ante
807 829 916 868 aedis
938 843 1055 869 meas.

214 909 306 934 nam
327 894 496 946 epistula
516 894 581 933 illa
602 894 698 933 mihi
719 894 991 934 concenturiat
1013 902 1162 934 metum
1465 896 1527 930 160

214 960 254 999 in
275 961 396 999 corde
417 968 455 999 et
475 960 573 999 illud
594 960 700 998 mille
721 974 929 998 nummum
951 973 1070 1010 quam
1092 974 1173 999 rem
1195 968 1294 1012 agat.

216 1039 436 1076 numquam
458 1027 600 1076 edepol
623 1032 769 1064 temere
790 1025 906 1063 tinnit
927 1025 1263 1065 tintinnabulum:

0 1101 86 1139 1005
217 1091 291 1130 nisi
312 1090 380 1142 qui
401 1091 499 1130 illud
521 1098 660 1129 tractat
680 1099 747 1129 aut
768 1099 914 1139 mouet,
939 1099 1144 1140 mutumst,
1166 1099 1280 1131 tacet.

215 1158 286 1196 sed
307 1156 394 1208 quis
416 1157 480 1196 hic
501 1164 559 1196 est
580 1156 647 1207 qui
668 1157 745 1195 huc
767 1158 805 1194 in
827 1158 997 1207 plateam
1020 1170 1220 1196 cursuram
1242 1157 1409 1209 incipit?

215 1223 325 1262 lubet
346 1222 556 1274 opseruare
577 1221 674 1273 quid
694 1229 782 1274 agat
800 1237 806 1261 :
836 1223 915 1262 huc
936 1236 1178 1262 concessero.
1468 1231 1528 1274 165

378 1337 701 1374 STAsrmvs‘
827 1336 1173 1375 CHARMIDES
1463 1336 1509 1374 iii

108 1419 172 1459 ST.
205 1417 383 1467 Stasime,
406 1419 467 1458 fac
494 1426 532 1457 te
559 1431 724 1470 propere
749 1419 928 1466 celerem,
954 1418 1084 1470 recipe
1105 1427 1143 1458 te
1163 1419 1214 1458 ad
1236 1419 1445 1458 dominum

1266 1486 1443 1533 domum,

111 1565 161 1590 ne
181 1550 313 1590 subito
335 1558 462 1590 metus
484 1550 678 1590 exoriatur
699 1550 868 1601 scapulis
889 1550 1052 1589 stultitia
1071 1549 1182 1603 (tua).

3 1626 93 1653 1010
110 1618 214 1656 adde
234 1618 410 1667 gradum,
433 1618 664 1668 adpropera.
710 1616 787 1655 iam
805 1617 958 1656 dudum
976 1618 1160 1655 factumst
1177 1630 1299 1668 quom
1316 1616 1447 1656 abiisti

1311 1684 1445 1722 domo.

111 1749 209 1776 caue
230 1736 282 1776 sis
304 1736 374 1775 tibi
396 1750 446 1775 ne
468 1736 607 1776 bubuli
628 1736 667 1775 in
689 1743 728 1776 te
749 1736 897 1775 cottabi
920 1736 1043 1775 crebri
1065 1744 1238 1787 crepent,

111 1801 142 1841 si
163 1801 290 1841 aberis
311 1802 361 1840 ab
383 1802 436 1841 eri
459 1802 701 1852 quaestione.
763 1816 813 1841 ne
835 1802 1030 1840 destiteris
1052 1816 1216 1842 currere.
1468 1820 1486 1852 5

110 1881 204 1906 ecce
225 1867 428 1907 hominem
450 1875 499 1916 te,
523 1867 701 1915 Stasime,
725 1867 835 1905 nihili
854 1871 860 1906 ἕ
891 1867 992 1906 satin
1013 1867 1052 1905 in
1075 1867 1339 1919 thermopolio

111 1932 340 1972 condalium
362 1946 402 1971 es
423 1932 580 1980 oblitus,
603 1940 813 1983 postquam
836 1933 1137 1983 thermopotasti
1158 1935 1385 1984 gutturem?

4 2009 90 2047 1015
111 1997 242 2048 recipe
256 2006 294 2036 te
310 2005 348 2036 et
364 2010 517 2036 recurre
531 2005 663 2048 petere
675 1996 750 2050 (re)
762 1997 922 2036 recenti.
964 1999 1042 2037 CH.
1066 1998 1168 2046 huic,
1185 1998 1363 2049 quisquis
1377 2007 1445 2046 est,

111 2063 326 2115 gurguliost
347 2063 559 2102 exercitor:
590 2063 621 2101 is
642 2064 748 2102 hunc
770 2063 972 2102 hominem
995 2077 1195 2102 cursuram
1217 2066 1346 2104 docet.

156 2178 221 2207 993
246 2167 442 2206 inportunio
459 2166 525 2198 cod.
616 2178 679 2207 994
697 2172 845 2198 ceterum
867 2167 1081 2199 Gulielmius:
1100 2168 1160 2198 sed
1179 2170 1252 2209 (pro
1268 2169 1335 2199 set*
1353 2179 1446 2199 erum

113 2211 179 2244 coa'.
287 2212 456 2241 interdum
475 2210 538 2241 cod.
557 2222 563 2240 τ
603 2222 683 2243 corr.
708 2211 917 2242 Camerarius
1058 2223 1122 2251 995
1146 2213 1187 2243 ad
1205 2212 1279 2242 Ital.
1300 2224 1306 2242 t
1333 2213 1364 2242 id
1381 2213 1446 2243 cod.

113 2266 175 2295 997
202 2256 257 2294 qui
276 2261 308 2285 te
327 2255 358 2284 di
377 2254 523 2295 Scaligpr
541 2266 547 2285 :
571 2265 637 2294 quo
656 2256 687 2286 di
707 2261 739 2285 te
756 2255 822 2286 cod.
975 2265 1058 2287 1002
1084 2257 1251 2296 epistulae
1272 2256 1349 2287 illae
1367 2257 1447 2287 mihi

114 2299 372 2330 concenturiant
390 2297 496 2338 Meyer
611 2309 691 2337 1004
719 2310 899 2339 numquem
917 2299 982 2330 cod.
1100 2311 1181 2340 1005
1208 2306 1320 2331 mutus
1337 2306 1358 2331 t.
1379 2301 1445 2332 cod.

120 2354 202 2383 ¹009
236 2343 378 2374 stultitia
409 2347 464 2372 tua
499 2342 732 2374 Camerarius:
773 2343 947 2373 stultitiam
979 2343 1050 2374 cod.
1232 2355 1314 2375 1012
1337 2345 1449 2375 aberis

117 2387 349 2418 Camerarfus:
373 2386 496 2417 abieris
520 2386 584 2417 cod.
724 2397 805 2426 1013
829 2398 908 2418 ecce
933 2392 966 2417 te
989 2388 1158 2418 hominem
1185 2388 1273 2418 Bach
1364 2388 1448 2418 nihil

115 2430 181 2462 cod.
319 2440 400 2469 1015
427 2441 462 2460 re
481 2430 555 2461 add.
577 2430 788 2461 Camerarius
