1747 2740
178 117 257 158 111.

219 447 259 470 10

217 773 254 806 ¹5

214 1102 255 1126 20

213 1432 252 1465 ²5

209 1760 252 1792 30

279 118 325 158 iii
709 119 756 157 T.
789 118 973 160 MACCI
1003 120 1209 159 PLAVTI

334 237 377 269 ut
397 244 484 269 earn
505 230 590 270 sine
611 232 705 270 dote
726 232 842 270 frater
862 238 1031 282 nuptum
1051 233 1245 271 conlocet.
1639 244 1705 284 735

332 304 423 347 post
442 298 562 335 adeas
584 304 667 335 tute
689 297 917 336 Philtonem
939 305 978 335 et
998 298 1135 336 dotem
1155 298 1250 337 dare

333 370 371 401 te
391 362 426 400 ei
447 362 567 409 dicas,
592 363 718 400 facere
739 362 780 400 id
801 362 885 400 eius
907 362 959 400 ob
980 362 1193 401 amicitiam
1215 360 1345 413 patris.

332 442 470 466 uerum
492 429 568 467 hoc
590 441 663 478 (go
684 441 823 467 uereor
844 442 894 466 ne
915 427 1035 467 istaec
1056 428 1288 479 pollicitatio

331 501 369 531 te
389 492 429 531 in
451 492 599 532 crimen
620 495 770 543 populo
790 501 913 544 ponat
933 501 1053 544 atque
1073 493 1302 542 infamiam3

330 572 411 596 non
433 565 580 597 temere
602 558 737 597 dicant
759 566 797 597 te
819 558 1037 609 benignum
1058 558 1224 609 uirgini:
1638 571 1708 606 740

329 625 463 663 datam
484 623 555 663 tibi
578 625 726 672 dotem,
750 624 786 663 ei
807 638 927 675 quarn
949 626 1074 672 dares,
1098 623 1181 663 eius
1202 637 1226 662 a
1245 631 1366 675 patre,

329 704 376 728 ex
396 703 443 728 ea
463 689 589 740 largiri
611 698 650 729 te
672 690 737 737 illi,
761 704 893 740 neque
914 690 968 728 ita
988 698 1031 728 ut
1052 688 1100 729 sit
1121 691 1213 729 data

329 756 529 794 columem
550 763 588 794 te
610 755 746 794 sistere
767 755 835 804 illi,
857 763 895 794 et
917 756 1076 794 detraxe
1097 763 1314 795 autument.

330 835 436 860 nunc
457 821 489 860 si
511 821 681 872 opperiri
702 821 762 860 uis
783 824 1004 861 aduentum
1027 821 1243 869 Charmidi,

328 889 599 938 perlongumst
617 903 624 926 :
654 888 746 926 huic
767 888 943 927 ducendi
964 887 1112 927 interea
1131 887 1363 939 apscesserit
1637 904 1702 942 745

329 953 468 992 lubido
483 967 493 1001 ,‘
522 961 641 1004 atque
663 967 709 992 ea
730 953 916 992 condicio
937 953 1031 992 huic
1052 955 1115 992 uel
1136 953 1320 1003 primaria
1339 960 1411 992 est.

330 1020 404 1059 CA.
434 1032 527 1057 nam
548 1020 680 1058 hercle
702 1019 837 1058 omnia
861 1019 984 1058 istaec
1004 1019 1171 1058 ueniunt
1192 1018 1232 1057 in
1254 1026 1429 1057 mentem
1450 1018 1559 1058 mihi.

328 1084 421 1124 uide
442 1084 473 1123 si
494 1085 570 1123 hoc
592 1085 731 1124 utibile
752 1085 876 1136 magis
897 1093 1017 1136 atque
1037 1085 1077 1123 in
1098 1098 1181 1123 rem
1202 1085 1382 1135 deputas,

326 1150 456 1201 ipsum
481 1152 623 1190 adeam
645 1151 927 1198 Lesbonicum,
951 1151 1143 1190 edoceam
1164 1157 1207 1188 ut
1227 1163 1287 1188 res
1308 1163 1350 1189 se
1370 1150 1502 1189 habet.

326 1217 397 1255 sed
419 1224 460 1255 ut
481 1218 554 1267 ego
575 1230 682 1255 nunc
703 1216 950 1256 adulescenti
971 1218 1227 1255 thensaurum
1249 1214 1424 1255 indicem
1635 1227 1653 1263 7
1660 1228 1703 1264 50

327 1282 535 1330 indomito,
559 1284 679 1333 pleno
701 1283 846 1322 amoris
867 1297 913 1322 ac
935 1282 1153 1322 lasciuiae?

328 1348 502 1396 minime,
527 1348 690 1388 minime
710 1350 842 1388 hercle
863 1363 969 1388 uero.
1030 1362 1123 1387 narn
1144 1356 1253 1387 certo
1274 1348 1368 1396 scio,

327 1415 460 1452 locum
481 1427 641 1464 quoque
662 1414 773 1452 illurn
795 1428 956 1454 omnem
978 1414 1046 1453 ubi
1068 1413 1181 1453 situst
1205 1413 1424 1453 comederit
1441 1429 1451 1463 3

327 1493 446 1530 quern
468 1480 604 1518 fodere
625 1487 771 1528 metuo,
795 1479 970 1519 sonitum
991 1494 1042 1518 ne
1062 1479 1127 1518 ille
1147 1478 1331 1519 exaudiat

326 1559 404 1584 neu
425 1559 507 1584 rem
528 1545 654 1596 ipsam
676 1545 846 1596 indaget,
870 1547 1007 1584 dotem
1025 1546 1118 1584 dare
1139 1545 1170 1584 si
1191 1545 1367 1584 dixerim.
1632 1561 1651 1594 7
1657 1561 1673 1597 5
1680 1560 1698 1598 5

327 1613 410 1650 ME.
443 1625 523 1662 quo
544 1619 662 1662 pacto
683 1625 774 1662 ergo
796 1611 911 1662 igitur
932 1613 1033 1650 clam
1056 1612 1129 1650 dos
1149 1611 1330 1661 depromi
1351 1613 1514 1662 potest?

325 1678 396 1717 CA.
429 1677 526 1715 dum
549 1677 706 1715 occasio
727 1677 762 1716 ei
783 1675 873 1729 (rei)
893 1677 1118 1727 reperiatur,
1142 1676 1299 1715 interim

323 1742 374 1781 ab
395 1742 524 1781 amico
545 1742 729 1781 alicunde
751 1750 933 1782 mutuom
955 1750 1161 1793 argentum
1181 1755 1305 1794 roges.

325 1810 409 1847 ΜΕ.
442 1808 553 1858 potin
575 1816 634 1847 est
653 1809 703 1847 ab
725 1808 856 1848 amico
877 1809 1063 1848 alicunde
1083 1808 1263 1848 exorari?
1319 1809 1392 1849 CA.
1425 1817 1566 1860 potest.

325 1876 408 1912 ΜΕ.
441 1888 573 1925 gerrae
591 1878 597 1913 l
629 1889 678 1914 ne
700 1883 741 1914 tu
763 1875 860 1914 illud
883 1876 1050 1914 uerbum
1071 1883 1250 1913 actutum
1274 1874 1474 1914 inueneris
1493 1891 1501 1914 ε
1630 1878 1698 1920 760

327 1943 335 1959 ‘
352 1939 447 1978 mihi
469 1940 632 1990 quidem
655 1942 786 1979 hercle
808 1955 889 1979 non
911 1949 970 1979 est
991 1941 1101 1991 quod
1121 1941 1214 1979 dem
1236 1942 1444 1980 mutuom.’

325 2007 397 2046 CA.
431 2005 564 2043 malim
586 2007 717 2044 hercle
738 2014 780 2044 ut
801 2019 939 2045 uerum
961 2006 1070 2045 dicas
1091 2019 1211 2056 quarn
1232 2014 1275 2045 ut
1295 2007 1366 2045 des
1386 2014 1579 2046 mutuom.

313 2112 376 2150 736
399 2109 515 2141 accedit
530 2110 563 2140 A
710 2120 773 2150 739
797 2120 934 2141 cremen
953 2109 986 2140 P
1125 2120 1183 2149 741
1210 2110 1257 2151 ei]
1277 2116 1311 2142 et
1327 2110 1360 2141 A
1461 2111 1561 2142 deres
1579 2111 1611 2142 Ρ

268 2155 364 2194 (corr.
386 2154 435 2192 D)
596 2165 657 2193 742
677 2153 793 2194 largiri
810 2153 858 2195 te]
877 2154 1031 2193 largitate
1048 2153 1082 2184 P
1243 2165 1305 2194 743
1329 2155 1487 2186 columen
1506 2160 1539 2185 te
1555 2154 1604 2185 P:

267 2199 470 2229 incolumem
490 2197 522 2228 A
613 2198 746 2229 detraxi
764 2197 798 2228 P
886 2208 946 2236 744
973 2198 1093 2238 opperi
1107 2197 1141 2228 A
1248 2201 1310 2238 746
1326 2210 1392 2230 om.
1410 2198 1442 2228 P
1527 2199 1606 2230 huic

266 2242 326 2274 del.
347 2242 470 2283 Haupt
626 2252 685 2282 747
713 2253 788 2272 nam
809 2242 941 2282 hercle]
961 2243 1077 2272 eadem
1095 2242 1128 2271 A
1288 2252 1352 2282 749
1376 2241 1503 2282 ipsuml
1523 2248 1558 2272 ut
1576 2241 1610 2272 P

268 2297 333 2326 750
357 2296 446 2316 nunc
464 2296 526 2325 ego
547 2286 624 2323 som.
647 2288 698 2325 ut)
717 2286 750 2316 A
898 2296 961 2325 752
986 2296 1068 2316 uero
1085 2297 1152 2316 om.
1167 2285 1201 2316 A
1352 2287 1413 2325 756
1437 2296 1518 2325 ergo
1534 2297 1602 2316 om.

267 2332 300 2361 A
459 2340 519 2369 757
546 2330 592 2360 rei
622 2331 717 2370 (ΓΕΖ)
746 2328 820 2360 add.
850 2328 1061 2360 Camerarius
1217 2329 1280 2370 758
1303 2336 1454 2361 mutuom
1482 2340 1548 2361 om.
1575 2329 1609 2361 P

270 2384 384 2414 rogem
401 2373 476 2405 Ital.
605 2375 667 2413 762
691 2379 727 2405 ut
744 2373 821 2414 des]
840 2373 937 2404 uides
953 2373 987 2404 P
