1747 2740
201 119 279 157 III.
299 119 346 156 iv
709 121 756 160 T.
788 121 970 162 MACCI
1004 123 1207 161 PLAVTI

297 243 419 282 quom
440 230 709 269 coniecturam
731 239 889 282 egomet
910 245 1067 271 mecum
1089 232 1201 280 facio,
1225 233 1322 272 haec
1343 233 1445 273 illast
1465 233 1574 274 simia

295 309 396 347 quae
417 298 487 335 has
509 296 741 335 hirundines
762 311 809 336 ex
829 297 926 336 nido
946 299 1031 337 uolt
1051 298 1200 349 eripere
1220 298 1427 350 ingratieis,

294 364 402 413 quod
429 375 502 412 ego
532 362 571 400 in
600 363 749 402 somnis
776 363 984 402 somniaui.
1043 366 1120 402 TR.
1153 364 1236 403 scin
1263 364 1360 415 quid
1387 373 1517 404 tecum
1545 379 1626 414 oro,

1480 433 1629 471 senex?

293 500 336 532 ut
356 492 439 532 illas
460 507 603 541 serues,
627 493 708 532 uim
730 495 933 542 defendas,
957 496 1055 534 dum
1076 509 1149 546 ego
1170 509 1280 534 erum
1299 497 1459 535 adduco
1479 510 1623 536 meum.

234 574 274 606 70
295 560 370 597 DA.
407 571 551 609 quaere
588 572 699 597 erum
737 567 857 609 atque
895 561 1062 599 adduce.
1140 562 1216 599 TR.
1258 569 1298 599 at
1336 560 1400 600 hic
1438 563 1622 600 ne—DA.
1645 577 1710 615 775

1221 638 1408 664 maxumo
1427 627 1532 665 malo
1553 640 1625 666 suo

290 688 321 726 si
341 688 508 739 attigerit
528 689 612 728 siue
633 689 880 740 occeptassit.
941 691 1017 728 ΤΗ.
1041 703 1144 729 cura.
1201 692 1278 729 DA.
1301 699 1528 739 curatumst,
1545 693 1621 731 abi.

289 755 368 792 TR.
398 755 504 793 hunc
524 768 685 805 quoque
712 756 879 794 adserua
907 754 1036 806 ipsum
1065 769 1115 794 ne
1143 768 1224 806 quo
1250 755 1399 804 abitat3
1427 770 1519 795 nam
1539 771 1625 808 pro-

1426 821 1624 861 missimus

288 885 473 924 carnufici
494 894 561 925 aut
582 887 774 924 talentum
797 899 985 936 magnum
1006 888 1073 925 aut
1094 887 1201 925 hunc
1221 886 1342 926 hodie
1362 887 1508 926 sistere.

290 952 364 989 m.
396 950 461 989 abi
483 952 615 998 modo,
639 964 712 1002 ego
733 952 830 990 dum
858 953 935 990 hoc
954 950 1139 1004 (curabo)
1164 960 1278 990 recte.
1338 953 1415 990 TR.
1447 951 1525 990 iam
1549 966 1623 1003 ego

1420 1031 1620 1057 reuenero.

235 1139 266 1165 v
444 1128 756 1166 DAEMONES
868 1128 1096 1165 LABRAX
1209 1128 1454 1166 LORARII

287 1209 362 1247 DA.
394 1211 535 1248 Vtrum
557 1218 609 1257 tu,
633 1211 734 1257 leno,
758 1223 849 1248 cum
870 1211 975 1249 malo
995 1210 1196 1249 lubentius
1637 1213 1708 1257 780

283 1275 452 1324 quiescis
472 1288 522 1313 an
543 1275 598 1314 sic
619 1275 703 1314 sine
721 1277 835 1323 malo,
859 1275 889 1314 si
911 1275 1092 1326 copiast?

284 1341 354 1378 LA.
387 1353 464 1390 ego
481 1353 583 1391 quae
602 1349 643 1379 tu
665 1342 827 1391 loquere
849 1341 961 1379 flocci
984 1354 1064 1379 non
1087 1341 1200 1388 facio,
1223 1355 1352 1381 senex.

283 1419 389 1444 meas
410 1405 572 1455 quidem
594 1405 631 1444 te'
654 1406 778 1444 inuito
799 1414 837 1444 et
859 1407 1013 1444 Venere
1035 1415 1073 1445 et
1095 1420 1252 1445 summo
1275 1409 1373 1447 Ioue

244 1487 261 1518 5
281 1471 330 1509 de
351 1484 416 1510 ara
436 1471 578 1522 capillo
600 1471 676 1510 iarn
697 1471 900 1522 deripiam.
964 1473 1040 1509 DA.
1073 1473 1298 1522 tangedum.

282 1538 352 1575 LA.
385 1544 543 1587 tangam
574 1538 704 1576 hercle
734 1549 838 1575 uero.
913 1537 989 1574 DA.
1022 1537 1191 1587 agedum
1222 1550 1324 1588 ergo,
1356 1539 1504 1578 accede
1536 1540 1614 1578 huc
1634 1544 1699 1590 785

1479 1606 1612 1644 modo.

281 1669 351 1706 Lx.
385 1667 573 1706 {ubedam
597 1667 778 1706 recedere
800 1666 895 1705 istos
915 1667 1036 1706 ambo
1057 1667 1148 1707 illuc
1170 1670 1302 1707 modo.

282 1735 358 1771 Dr.
400 1732 523 1771 immo
561 1734 612 1771 ad
651 1741 689 1771 te
733 1734 935 1772 accedent.
1026 1735 1095 1772 LA.
1137 1747 1218 1773 non
1263 1735 1395 1774 hercle
1428 1735 1614 1786 equidem

1457 1814 1611 1840 censeo.

284 1864 358 1901 m.
391 1862 487 1913 quid
508 1875 599 1912 ages
619 1862 650 1901 si
671 1865 863 1902 accedent
883 1864 1075 1916 propius?
1132 1866 1202 1903 LA.
1235 1878 1308 1915 ego
1329 1878 1536 1904 recessero.

224 1942 263 1966 10
282 1941 430 1975 uerum,
453 1941 585 1976 senex,
605 1928 637 1966 si
658 1937 696 1967 te
717 1942 905 1979 umquam
928 1930 967 1968 in
989 1931 1085 1969 urbe
1105 1932 1320 1978 offendero,

281 2007 498 2044 numquam
520 1995 650 2033 hercle
671 1994 880 2045 quisquam
903 2009 965 2034 me
986 1997 1171 2035 lenonem
1191 1996 1330 2035 dixerit
1632 2007 1701 2044 790

279 2059 309 2097 si
331 2068 368 2098 te
389 2073 469 2097 non
491 2060 606 2098 ludos
627 2073 833 2110 pessumos
855 2061 1070 2100 dimissero.

324 2175 384 2204 772
410 2176 428 2196 e
455 2166 546 2196 nudo
572 2164 605 2194 A
753 2175 814 2204 774
846 2165 957 2207 erum]
985 2177 1043 2197 ero
1075 2166 1108 2197 A
1255 2169 1317 2207 776
1340 2169 1547 2208 occeptassis
1577 2168 1612 2199 A

280 2219 341 2248 777
367 2219 433 2249 quo
451 2220 515 2240 om.
535 2209 568 2239 A
659 2209 751 2250 narn]
769 2214 827 2239 aut
844 2209 876 2238 A
991 2221 1054 2250 779
1078 2221 1143 2242 om.
1159 2210 1192 2241 P
1277 2212 1360 2252 hoec
1378 2236 1386 2243 .
1405 2236 1413 2243 .
1435 2212 1509 2251 tabo
1519 2212 1587 2244 cod.
1604 2224 1610 2243 ε

280 2253 362 2283 abes
393 2252 517 2283 curabo
549 2251 734 2290 Fleckeisen,
768 2252 984 2283 Studemund
1137 2255 1194 2293 781
1221 2256 1317 2295 copia
1333 2261 1384 2286 est
1401 2266 1445 2286 an
1463 2257 1612 2295 copiaest

281 2297 386 2327 incert.
404 2297 437 2327 A
597 2297 656 2335 787
682 2295 853 2337 equidem]
872 2302 1006 2335 egomet
1025 2297 1057 2327 Ρ
1201 2300 1263 2338 789
1289 2300 1396 2340 »rpem
1410 2299 1444 2329 A
1456 2304 1532 2340 pos!
1548 2310 1607 2339 791

283 2342 445 2380 (3propter
463 2339 646 2370 homoeotel.
664 2350 713 2370 vv.
736 2349 810 2379 791,
829 2340 908 2380 788)
1032 2351 1087 2381 791
1118 2351 1184 2372 non
1202 2347 1236 2373 te
1254 2341 1287 2372 P
1395 2343 1565 2380 dimiserit>
1582 2342 1616 2378 Ρ
