1747 2740
749 152 927 189 PERSA
1457 154 1511 191 II.
1532 153 1563 190 ii

181 264 245 302 So.
280 262 505 315 Paegnium,
529 262 695 301 deliciae
716 262 836 312 pueri,
862 264 979 301 salue.
1040 263 1135 313 quid
1157 263 1267 313 agis?
1296 271 1338 302 ut
1359 266 1496 302 uales?

91 340 156 377 205
181 331 248 367 ΡΑ.
281 329 592 380 Sophoclidisca,
622 328 782 367 di—me
807 329 1008 367 amabunt.
1069 332 1133 368 So.
1166 329 1263 379 quid
1292 331 1383 368 me?
1442 332 1510 368 ΡΛ.

982 401 1111 432 utrum
1133 396 1263 433 hercle
1284 395 1357 432 illis
1378 396 1511 443 lube13

174 461 245 498 sed
267 460 298 498 si
319 468 360 498 ut
377 460 526 510 digna's
548 459 703 506 faciant,
723 458 817 497 odio
835 460 965 497 hercle
982 460 1154 497 habeant
1172 467 1209 497 et
1231 460 1374 498 faciant
1396 462 1508 499 male.

175 526 239 564 So.
272 525 382 564 mitte
403 527 505 564 male
525 524 645 575 loqui.
697 527 766 563 ΡΑ.
799 539 921 575 quom
944 533 986 563 ut
1006 524 1155 575 digna's
1176 525 1277 572 dico,
1299 526 1410 573 bene,
1429 540 1511 565 non
1535 540 1573 572 25

1234 592 1335 629 male
1357 593 1508 642 loquor.

175 657 239 697 So.
271 656 368 707 quid
397 655 508 706 agis?
566 658 634 694 PA.
667 655 855 695 feminam
893 657 1100 695 scelestam
1135 663 1173 695 te
1207 664 1339 695 astans
1374 664 1511 695 contra

1330 729 1508 761 contuor.

173 788 237 825 So.
270 795 374 826 certe
391 787 577 838 equidem
598 800 765 838 puerum
787 786 962 837 peiorem
979 800 1100 837 quam
1121 794 1159 826 te
1177 787 1271 826 noui
1293 786 1506 827 neminem.

85 866 154 892 210
174 854 242 891 PA.
274 852 371 902 quid
406 854 508 891 male
542 852 644 891 facio
677 859 745 890 aut
779 852 874 902 quoi
909 854 1011 891 male
1040 852 1160 891 dico?
1220 854 1285 891 So.
1318 852 1412 903 quoi
1442 854 1508 903 pol

1032 932 1236 969 quomque
1258 919 1415 957 occasio
1435 926 1505 958 est.

171 985 239 1022 ΡΑ.
272 998 391 1023 nemo
412 985 534 1023 homo
555 997 746 1034 umquam
774 983 828 1022 ita
847 983 1082 1022 arbitratust.
1143 986 1208 1023 So.
1240 992 1279 1023 at
1300 986 1367 1035 pol
1394 984 1507 1023 multi

1184 1063 1269 1088 esse
1291 1050 1343 1088 ita
1363 1050 1503 1089 sciunt.

170 1117 239 1154 PA.
271 1116 384 1154 heia!
442 1117 507 1154 So.
540 1115 651 1154 beia!
712 1118 780 1154 ΡΑ.
815 1123 883 1154 tuo
917 1130 964 1154 ex
998 1115 1157 1166 ingenio
1193 1130 1320 1155 mores
1355 1116 1505 1155 alienos
1527 1131 1567 1162 30

354 1172 361 1175 i
1348 1183 1503 1233 probas.

167 1247 231 1285 So.
264 1248 388 1285 fateor
407 1245 535 1300 e[r]go
555 1248 734 1297 profecto
755 1260 819 1286 me
839 1260 926 1286 esse
947 1254 989 1286 ut
1009 1248 1125 1286 decet
1146 1248 1301 1287 lenonis
1322 1248 1504 1288 familiae.

167 1313 235 1351 ΡΑ.
268 1312 351 1350 sati'
381 1312 459 1351 iam
480 1312 632 1351 dictum
653 1309 793 1352 habeo.
845 1314 909 1352 So.
943 1314 1013 1352 sed
1034 1313 1131 1364 quid
1153 1315 1224 1352 tu?
1254 1315 1442 1353 confitere
1464 1323 1505 1353 ut

1249 1387 1287 1418 te
1311 1382 1505 1419 autumo?

78 1458 143 1494 215
166 1444 236 1482 ΡΑ,
268 1444 399 1491 fatear,
422 1443 454 1482 si
483 1443 537 1482 ita
567 1443 650 1483 sim.
712 1445 776 1483 So.
810 1443 887 1482 iarn
917 1444 994 1493 abi,
1018 1444 1157 1483 uicisti.
1220 1446 1287 1484 ΡΑ.
1320 1445 1385 1483 abi
1407 1460 1504 1485 nun-

791 1509 891 1548 ciam
913 1523 1015 1560 ergo.
1077 1512 1142 1548 So.
1175 1511 1252 1548 hoc
1274 1510 1327 1548 mi
1348 1511 1503 1562 expedi,

163 1573 243 1622 quo
273 1573 384 1623 agis?
442 1576 509 1612 ΡΑ.
543 1587 624 1624 quo
654 1576 729 1612 tu?
785 1575 849 1612 SO.
883 1574 948 1612 dic
979 1583 1031 1612 tu.
1090 1574 1177 1626 (ΡΑ.
1211 1575 1276 1613 dic
1303 1583 1354 1613 tn.
1416 1577 1502 1628 So.)

784 1639 888 1688 prior
909 1639 1053 1689 rogaui.
1116 1641 1184 1678 ΡΑ.
1217 1648 1256 1678 at
1277 1649 1365 1690 post
1387 1642 1497 1681 scies.

163 1705 227 1742 So.
260 1718 308 1742 eo
338 1717 410 1754 ego
441 1704 534 1742 hinc
564 1706 641 1743 hau
672 1706 798 1754 longe.
862 1707 930 1742 ΡΑ.
962 1713 1000 1743 et
1031 1704 1192 1754 quidem
1223 1719 1296 1756 ego
1315 1705 1399 1758 <eo>
1422 1708 1499 1746 hau
1521 1723 1560 1756 35

681 1772 807 1820 longe.
868 1772 932 1808 So.
966 1770 1046 1821 quo
1068 1784 1159 1821 ergo
1180 1769 1239 1823 (tu
1262 1770 1321 1823 is),
1344 1774 1501 1811 scelus?

162 1838 230 1875 ΡΑ.
263 1835 337 1874 nisi
368 1835 492 1874 scier6
522 1835 627 1886 prius
658 1849 704 1874 ex
734 1844 783 1883 te,
806 1842 848 1874 tu
879 1849 925 1874 ex
954 1849 1016 1874 me
1045 1849 1265 1886 numquam
1295 1837 1371 1875 hoc
1392 1839 1501 1887 quod

1223 1902 1366 1951 rogitas
1388 1902 1497 1941 scies.

160 1969 224 2006 So.
258 1980 477 2017 numquam
498 1975 650 2006 ecastor
677 1967 797 2006 hodie
822 1967 938 2006 scibis
967 1968 1064 2018 priu’
1087 1982 1204 2018 quam
1231 1982 1277 2006 ex
1299 1969 1365 2006 ted
1391 1968 1499 2006 audi-

1388 2047 1493 2072 uero.

72 2110 141 2135 220
161 2100 229 2136 PA.
263 2098 368 2137 itane
384 2100 472 2137 est?
528 2100 592 2137 So.
626 2098 730 2137 itane
751 2106 820 2137 est.
872 2101 941 2137 ΡΑ.
976 2100 1118 2138 mala's.
1184 2101 1248 2138 So.
1283 2101 1492 2138 scelesffls.

526 2165 593 2202 ΡΑ.
626 2165 741 2202 decet
764 2178 837 2202 me.
897 2166 961 2202 So.
996 2178 1059 2202 mc
1081 2164 1243 2215 quidem
1267 2166 1344 2203 hau
1367 2166 1492 2204 decet.

201 2277 264 2307 205
291 2267 381 2298 iubet
397 2267 463 2298 cod.
574 2277 637 2298 210
661 2268 739 2298 mali
758 2269 779 2298 f.
799 2268 872 2298 ΡΠ)
985 2278 1048 2307 213
1074 2278 1137 2306 ego
1151 2269 1384 2299 Camerarius:
1411 2280 1493 2309 ergo

156 2311 220 2343 cod.
373 2313 437 2342 216
459 2311 529 2341 abis
545 2321 612 2342 var.
632 2311 695 2343 lect.
715 2312 749 2341 in
765 2311 839 2342 pcD
931 2312 983 2342 dic
1001 2316 1035 2342 tu
1055 2312 1131 2342 add.
1154 2312 1285 2351 Bentley
1430 2324 1491 2352 217

157 2365 198 2385 eo
223 2354 298 2386 add.
336 2354 462 2385 Ritsclzl
549 2365 613 2394 ego
640 2355 673 2385 Β
761 2360 796 2385 tu
829 2355 857 2385 is
887 2354 961 2385 add.
996 2355 1122 2385 Ritsclal
1148 2357 1309 2397 (spatium
1346 2367 1491 2387 vacnum

157 2399 191 2429 in
207 2398 293 2439 cod.)
441 2408 506 2436 219
528 2397 636 2440 (ego)
653 2409 697 2428 ex
714 2403 746 2428 te
766 2403 814 2438 <te
835 2399 933 2430 eliam
951 2399 1037 2438 cod.)
1055 2399 1278 2440 Kampnmnn
1428 2411 1492 2432 220

157 2443 283 2474 maleas
301 2442 332 2472 Β
348 2442 420 2484 <pro
439 2441 541 2473 malas
559 2452 635 2472 corr.
656 2442 741 2473 mala
758 2443 812 2483 es)
897 2443 928 2473 h.
950 2443 1000 2485 d.]
1019 2443 1161 2473 addecet
1178 2443 1283 2475 Bothe
