1747 2740
22 409 92 444 430

22 736 89 773 435

20 1397 88 1434 445

21 1729 91 1765 450

22 2055 87 2092 455

597 152 947 190 TRINVMMVS
1385 152 1438 189 II.
1460 152 1508 189 iv

165 267 236 305 LE.
268 267 426 305 factum.
486 266 550 304 ST.
582 272 625 303 ut
655 263 817 315 quidem
840 263 938 303 illud
965 262 1131 314 perierit.
1193 264 1262 301 LE.
1298 264 1445 302 factum

1133 329 1172 368 id
1194 342 1354 380 quoque
1375 335 1444 368 est.

163 410 255 435 nam
277 410 383 435 nunc
405 409 495 435 eum
517 395 599 435 uidi
622 395 808 434 miserum
829 403 868 434 et
889 408 952 433 me
974 394 1057 433 eius
1079 393 1344 433 miseritumst.
1467 407 1509 438 30

164 465 228 503 ST.
261 463 418 502 miseret
439 471 477 502 te
497 463 676 510 aliorum,
700 462 756 501 tui
777 476 851 501 nec
873 461 1031 501 miseret
1051 475 1126 501 nec
1147 462 1281 513 pudet.

164 531 239 567 PH.
263 521 437 580 tempust
457 528 644 567 adeundi.
702 529 772 566 LE.
797 527 908 566 estne
929 526 993 566 hic
1015 526 1147 566 Philto
1168 526 1236 577 qui
1256 525 1449 565 aduenit?

164 594 196 634 is
216 596 385 634 herclest
405 594 524 645 ipsus.
584 595 647 633 ST.
680 594 825 644 edepol
845 592 896 631 ne
916 605 990 643 ego
1011 592 1130 632 istum
1151 591 1272 632 uelim

165 675 299 700 meum
319 660 402 700 fieri
423 674 580 700 seruom
602 674 693 699 cum
714 673 787 699 suo
807 659 976 711 peculio.

166 729 240 765 PH.
273 740 383 765 erum
403 734 522 777 atque
543 739 699 765 seruom
720 727 948 776 plurumum
970 724 1102 764 Philto
1123 724 1232 764 iubet
1469 736 1509 770 35

164 794 325 839 saluere,
349 792 619 831 Lesbonicum
641 799 679 831 et
699 791 925 831 Stasimum.
987 793 1058 830 LE.
1091 791 1133 830 di
1153 791 1268 830 duint

163 857 245 905 tibi,
270 857 412 906 Philto,
436 871 744 909 quaequomque
765 865 888 908 optes.
949 857 1046 908 quid
1067 857 1145 909 agit
1166 856 1268 895 filius
1283 857 1301 894 ?

165 925 240 962 PH.
274 923 375 963 bene
396 925 479 962 uolt
500 923 582 962 tibi.
644 925 715 961 LE.
747 924 891 974 edepol
912 931 1093 962 mutuom
1116 936 1274 962 mecum
1295 921 1397 960 facit.

165 991 228 1029 ST.
253 1003 424 1039 nequam
441 989 538 1028 illud
552 989 757 1028 uerbumst
781 992 788 1008 ‘
804 989 905 1028 bene
921 990 1026 1028 uolt'
1048 988 1122 1027 nisi
1140 988 1208 1039 qui
1223 988 1328 1027 bene
1344 985 1446 1025 facit.

165 1069 239 1106 ego
260 1069 421 1106 quoque
442 1057 536 1094 uolo
556 1069 643 1094 esse
663 1054 762 1094 liber
781 1071 788 1094 :
819 1054 1063 1106 nequiquam
1084 1055 1178 1094 uolo
1195 1068 1207 1103 3
1469 1066 1514 1099 40

164 1120 228 1160 hic
249 1122 422 1171 postulet
442 1120 541 1172 frugi
562 1134 648 1159 esse
665 1135 672 1158 :
702 1134 826 1171 nugas
847 1122 1030 1171 postulet.

165 1189 238 1225 PH.
272 1188 375 1225 meu'
394 1195 535 1238 gnatus
557 1201 620 1226 me
639 1188 691 1226 ad
712 1194 751 1226 te
772 1186 888 1234 misit,
911 1186 1012 1226 inter
1031 1188 1069 1227 te
1090 1194 1210 1238 atque
1230 1201 1304 1226 nos

163 1252 409 1291 adfinitatem
430 1260 473 1291 ut
493 1252 747 1292 conciliarem
768 1260 807 1291 et
827 1251 1003 1303 gratiam.

165 1326 273 1356 tuam
294 1318 378 1357 uolt
399 1331 573 1357 sororem
594 1319 740 1363 ducere
761 1332 923 1357 uxorem
941 1333 951 1367 ;
981 1326 1019 1357 et
1040 1318 1137 1357 mihi

164 1383 359 1422 sententia
379 1385 557 1423 eademst
577 1392 616 1423 et
637 1386 742 1424 uolo.
804 1386 874 1423 LE.
906 1385 985 1423 hau
1006 1398 1130 1424 nosco
1152 1392 1261 1423 tuom
1279 1400 1286 1424 :
1470 1398 1511 1429 45

165 1450 280 1489 bonis
301 1450 378 1489 tuis
399 1448 474 1503 [in]
497 1450 615 1489 rebus
636 1464 745 1489 meas
766 1465 826 1490 res
842 1450 988 1491 inrides
1010 1452 1143 1490 malas.

164 1517 239 1554 ΡΗ.
271 1516 394 1554 homo
415 1529 488 1567 ego
509 1529 608 1563 sum,
626 1517 750 1555 homo
771 1524 813 1554 tu
833 1530 899 1555 es:
929 1516 983 1555 ita
1003 1530 1067 1555 me
1087 1516 1236 1555 amabit
1259 1516 1447 1567 Iuppiter,

163 1595 293 1632 neque
313 1589 351 1621 te
371 1581 545 1621 derisum
565 1581 739 1621 aduenio
760 1595 891 1632 neque
912 1582 1076 1632 dignum
1098 1590 1206 1633 puto.

163 1661 301 1686 uerum
322 1649 399 1687 hoc
419 1649 530 1698 quod
549 1648 629 1687 dixi
649 1664 655 1687 :
687 1649 790 1686 meu'
811 1661 875 1687 me
896 1647 1022 1687 orauit
1043 1647 1146 1686 filius

163 1721 205 1752 ut
226 1722 334 1752 tuam
356 1727 528 1753 sororem
551 1727 757 1764 poscerem
778 1727 939 1752 uxorem
962 1713 1047 1752 sibi.
1467 1725 1511 1757 50

163 1780 233 1817 LE.
266 1793 443 1818 mearum
466 1793 529 1818 me
549 1793 677 1818 rerum
699 1779 858 1818 nouisse
878 1787 1087 1829 aequomst
1108 1778 1290 1818 ordinem

162 1858 254 1883 cum
274 1853 407 1883 uostra
428 1853 562 1883 nostra
581 1858 662 1883 non
684 1853 742 1883 est
762 1858 889 1895 aequa
910 1844 1040 1884 factio.

161 1910 407 1949 adfinitatem
430 1910 544 1949 uobis
565 1910 682 1949 aliam
704 1910 890 1961 quaerite.

163 1977 226 2015 ST.
260 1975 361 2014 satin
381 1978 455 2015 tu's
476 1990 594 2015 sanus
615 1976 759 2015 mentis
779 1984 847 2014 aut
867 1975 988 2015 animi
1010 1975 1066 2015 tui

163 2042 231 2092 qui
252 2042 532 2082 condicionem
555 2043 657 2081 hanc
678 2042 892 2093 repudies?
921 2056 1013 2080 nam
1036 2042 1145 2081 illum
1168 2042 1238 2081 tibi
1466 2055 1508 2088 55

152 2156 216 2185 430
241 2146 414 2187 miserum]
444 2146 616 2178 miserium
639 2145 672 2176 P
774 2146 933 2177 miserum
956 2147 992 2186 (u
1008 2152 1072 2187 pro
1092 2145 1130 2185 ἱῑ)
1150 2145 1225 2177 unsi
1246 2147 1320 2187 (pro
1343 2146 1447 2186 umst)

270 2201 329 2230 431
357 2189 422 2230 tui]
443 2191 495 2221 cui
513 2195 545 2221 te
562 2189 595 2220 P
609 2190 752 2230 (vixpro
769 2191 827 2230 tis)
952 2199 1015 2229 433
1032 2190 1065 2220 ni
1082 2189 1116 2220 P
1234 2191 1297 2229 438
1315 2200 1446 2220 mecum

108 2239 258 2265 mutuum
283 2235 328 2273 A,
355 2238 467 2265 contra
491 2237 631 2265 metmm
729 2245 794 2273 440
819 2244 894 2264 esse
927 2233 1007 2263 uolo
1031 2234 1065 2264 A
1173 2234 1399 2273 nequidquam
1418 2232 1451 2263 P

107 2288 167 2316 441
196 2289 228 2310 n.
244 2279 392 2318 postulat
407 2277 481 2308 PCD
591 2287 655 2317 442
670 2277 691 2309 i.
711 2288 748 2309 se
765 2278 799 2308 P
930 2279 994 2316 446
1018 2278 1050 2308 in
1066 2288 1131 2309 om.
1159 2277 1192 2307 P
1322 2287 1383 2316 447
1410 2287 1448 2307 es

107 2327 141 2351 tu
176 2322 223 2362 A,
240 2322 320 2363 sort.
351 2326 426 2352 recte
557 2323 621 2361 448
652 2321 813 2363 aduenio]
847 2321 924 2352 ueni
961 2321 992 2351 Ρ
1122 2332 1186 2361 449
1209 2321 1316 2363 quod]
1351 2327 1386 2352 ut
1418 2320 1451 2351 P

105 2365 191 2396 dixit
207 2367 240 2397 A
377 2376 435 2405 45¹
464 2375 575 2396 rerum
593 2376 647 2397 me
662 2365 697 2396 P
825 2375 890 2404 452
903 2365 1025 2396 uestris
1040 2364 1072 2395 Ρ
1202 2375 1265 2405 454
1290 2370 1324 2395 tu
1345 2375 1448 2396 sanus

104 2409 138 2439 A
157 2410 196 2451 (3
212 2410 233 2442 i.
243 2420 268 2441 e.
287 2415 322 2440 tu
340 2410 465 2441 sanu·s;
557 2409 605 2440 vel
621 2410 754 2441 menti's
771 2408 860 2440 codd.

1298 2464 1359 2493 29*
