1747 2740
188 123 241 162 ΙΙ.
263 121 308 159 νὶ

198 505 237 527 20

196 833 234 865 25

195 1155 235 1186 30

193 1549 234 1583 35

189 1937 232 1969 40

679 122 725 159 T.
759 120 940 160 MACCI
973 122 1178 159 PLAVTI

365 232 494 271 omnis
515 232 571 271 tui
593 231 729 270 similis
750 231 926 281 hospites
953 232 1099 270 habeas
1120 231 1202 270 tibi.
1614 244 1682 282 500

365 299 436 336 LA.
471 299 619 336 Malam
644 299 857 335 Fortunam
880 296 919 334 in
941 296 1049 335 aedis
1071 305 1108 335 te
1128 297 1275 335 adduxi
1298 310 1415 337 meas.

363 363 460 414 quid
482 362 577 401 mihi
599 364 766 401 scelesto
789 361 858 400 tibi
881 370 962 400 erat
983 362 1250 400 auscultatio?

365 428 514 479 quidue
536 427 628 466 hinc
648 426 802 466 abitio?
832 426 982 477 quidue
1003 426 1042 464 in
1064 441 1206 465 nauem
1229 427 1458 467 inscensio?

363 493 429 532 ubi
451 493 603 544 perdidi
625 492 742 531 etiam
764 494 852 543 plus
874 492 969 531 boni
991 506 1110 543 quam
1133 492 1229 531 mihi
1250 493 1332 531 fuit.

363 560 439 598 CH.
473 560 539 609 pol
561 558 724 597 minime
746 557 864 596 miror
885 557 997 596 nauis
1019 557 1049 596 si
1072 559 1227 596 fractast
1249 557 1331 605 tibi,
1611 566 1677 604 505

363 625 480 662 scelu'
502 623 539 662 te
560 631 598 662 et
619 625 784 662 sceleste
804 630 914 672 parta
935 635 1037 672 quae
1058 622 1163 661 uexit
1185 623 1300 660 bona.

363 691 433 728 LA.
466 702 625 740 pessum
647 688 791 727 dedisti
814 702 878 727 me
899 687 1182 726 blandimentis
1205 687 1289 726 tuis.

363 755 440 794 CH.
474 753 740 793 scelestiorem
763 766 901 792 cenam
925 753 1065 791 cenaui
1087 761 1194 791 tuam

362 833 482 870 quam
503 833 605 870 quae
626 820 824 869 Thyestae
845 820 1051 868 quondam
1072 827 1140 857 aut
1161 818 1289 869 posita
1309 827 1367 857 est
1388 820 1528 858 Tereo.

362 885 433 922 LA.
466 884 561 935 perii
579 888 585 923 ἕ
607 884 741 923 animo
763 885 865 922 male
886 884 938 921 fit.
999 883 1160 923 contine
1181 897 1330 934 quaeso
1350 892 1478 934 caput.
1611 897 1679 934 510

361 951 437 989 CH.
471 952 730 1001 pulmoneum
752 950 896 1000 edepol
918 948 1025 987 nimi'
1047 948 1167 987 uelim
1189 949 1384 987 uomitum
1406 962 1554 988 nomas,

360 1016 431 1054 LA.
464 1017 565 1054 eheu
584 1018 589 1053 Ξ
623 1017 820 1053 Palaestra
840 1022 960 1065 atque
982 1014 1224 1065 Ampelisca,
1243 1014 1311 1053 ubi
1332 1014 1416 1053 esti’
1436 1015 1573 1053 nunc?

361 1081 439 1120 CH.
471 1080 645 1130 piscibus
667 1080 705 1118 in
727 1081 818 1127 alto,
843 1081 975 1127 credo,
998 1080 1190 1129 praebent
1210 1079 1412 1129 pabulum.

360 1147 431 1184 LA.
464 1145 761 1184 mendicitatem
784 1144 837 1183 mi
859 1144 1035 1195 optulisti
1057 1158 1176 1195 opera
1196 1153 1274 1191 tua,

359 1213 454 1250 dum
477 1211 552 1249 tuis
573 1212 753 1249 ausculto
776 1210 1009 1260 magnidicis
1032 1209 1261 1249 mendaciis.
1609 1221 1674 1258 515

360 1277 437 1315 CH.
472 1276 617 1314 bonam
640 1284 697 1314 est
719 1276 828 1325 quod
850 1276 997 1314 habeas
1018 1275 1181 1325 gratiam
1204 1275 1344 1314 merito
1365 1275 1473 1323 mihi,

361 1341 427 1392 qui
449 1350 487 1380 te
508 1355 554 1380 ex
574 1342 723 1380 insulso
745 1343 890 1379 salsum
912 1341 986 1379 feci
1008 1354 1127 1390 opera
1148 1354 1246 1379 mea.

363 1408 433 1445 LA.
484 1407 579 1458 quin
624 1415 665 1445 tu
707 1406 798 1444 hine
843 1406 874 1444 is
917 1419 939 1444 a
984 1419 1047 1444 me
1089 1405 1128 1444 in
1173 1420 1398 1445 maxumam
1443 1408 1586 1446 malam

1400 1485 1556 1511 cmcem
1571 1474 1588 1511 ?

362 1539 438 1578 CH.
471 1551 547 1576 eas.
606 1551 751 1588 easque
772 1550 831 1576 res
851 1537 1016 1587 agebam
1040 1539 1309 1577 commodum.

362 1605 432 1642 LA.
465 1605 566 1642 eheu
584 1607 590 1641 ἔ
621 1604 708 1654 quis
730 1603 829 1641 uiuit
851 1617 914 1641 me
935 1603 1109 1652 mortalis
1131 1603 1336 1643 miserior?
1607 1615 1676 1651 520

359 1670 436 1709 CH.
469 1683 542 1720 ego
563 1670 689 1707 multo
709 1676 818 1707 tanta
839 1668 1015 1707 miserior
1036 1682 1155 1719 quam
1177 1678 1230 1715 tu,
1255 1670 1417 1708 Labrax.

360 1736 431 1773 LA.
463 1734 560 1785 qui?
619 1735 695 1774 CH.
729 1733 821 1784 quia
844 1747 917 1784 ego
946 1734 1130 1784 indignus
1158 1748 1257 1781 sum,
1281 1743 1321 1773 tu
1350 1735 1492 1785 dignus
1519 1735 1586 1786 qui

1496 1800 1583 1840 sies.

359 1867 429 1903 LA.
462 1879 486 1904 o
507 1866 644 1917 scirpe,
668 1867 804 1918 scirpe,
827 1869 948 1906 laudo
969 1868 1144 1905 fortunas
1166 1875 1262 1913 tuas,

357 1931 424 1980 qui
446 1945 600 1982 semper
621 1946 753 1971 seruas
773 1932 935 1983 gloriam
957 1932 1173 1971 aritudinis.

359 1997 436 2035 CH.
468 1997 654 2047 equidem
678 2011 741 2036 me
761 1999 811 2036 ad
833 1998 1103 2036 uelitationem
1125 2010 1299 2043 exerceo,
1605 2005 1670 2042 525

357 2074 448 2099 nam
471 2062 605 2100 omnia
626 2076 789 2101 corusca
809 2076 900 2113 prae
922 2072 1090 2101 tremore
1111 2064 1274 2101 fabulor.

360 2127 430 2164 LA.
463 2128 621 2177 edepol,
643 2129 841 2178 Neptune,
865 2141 906 2166 es
927 2128 1145 2166 balineator
1166 2128 1350 2178 frigidus:

293 2240 358 2269 500
382 2231 427 2261 tui
452 2231 554 2262 Ital.:
587 2231 631 2262 lui
660 2231 700 2265 P.
722 2231 754 2260 A
779 2243 811 2263 n.
835 2230 855 2262 Ι.
990 2242 1052 2270 503
1078 2232 1167 2262 abito
1192 2231 1230 2266 P.
1259 2232 1291 2262 A
1312 2243 1342 2273 n..
1363 2232 1383 2263 Ι.
1519 2242 1584 2272 505

249 2274 306 2304 tibi
325 2274 420 2306 ltal.:
448 2275 491 2305 ibi
510 2274 549 2311 P,
569 2275 602 2305 A
623 2285 653 2305 n.
676 2275 694 2305 l.
876 2284 940 2313 509
963 2281 1019 2304 aut
1043 2276 1152 2314 posita
1169 2275 1366 2316 Nettlcsln'p:
1390 2276 1584 2315 anteposita

250 2316 341 2353 13<A
362 2317 429 2349 n.L
453 2319 735 2358 &ffiranffpossta)
873 2319 936 2356 518
961 2319 1377 2359 ds⁴4(anh0uajbnma)
1519 2329 1580 2359 52¹

250 2366 344 2391 tanto
369 2362 415 2392 Β2
440 2361 563 2401 (sedes.
585 2361 632 2392 ad
652 2361 741 2392 Men.
762 2362 839 2392 680*
1023 2363 1088 2401 526
1111 2368 1280 2393 teremore
1302 2362 1349 2401 A,
1367 2363 1423 2393 vult
1439 2367 1512 2394 recte
1530 2363 1580 2404 (cf

250 2404 328 2436 “dtr

330 2429 335 2434 .
358 2406 433 2445 528)
