1747 2740
734 124 960 167 RVDENS

183 238 243 276 Sc.
277 237 450 288 tegillum
472 237 652 286 eccillud‚
677 237 771 276 mihi
794 252 916 277 unum
938 237 977 276 id
999 244 1104 285 aret3
1135 236 1174 276 id
1195 235 1226 275 si
1248 236 1308 275 uis
1329 236 1458 275 dabo:

181 304 322 342 eodem
345 303 522 350 amictus,
547 305 689 342 eodem
713 311 838 342 tectus
859 318 944 342 esse
965 304 1086 350 soleo,
1109 301 1138 341 si
1162 301 1270 352 pluit.

1464 124 1516 164 ΙΙ.

1541 127 1601 163 vii

181 375 223 406 tu
237 368 357 407 istaec
375 369 469 407 mihi
487 370 597 408 dato:
627 376 853 407 exarescent
871 370 968 407 faxo.
1011 370 1089 408 CH.
1114 369 1191 406 eho
1206 381 1256 405 an
1274 374 1312 406 te
1328 366 1515 418 paenitet,
1539 383 1579 405 20

181 432 220 471 in
243 433 338 472 mari
359 434 467 484 quod
489 433 604 482 elaui,
626 433 665 471 ni
688 435 750 471 hic
772 434 811 471 in
833 442 932 472 terra
952 433 1092 471 iterum
1115 433 1275 471 eluam?

94 505 162 548 580
181 500 243 536 Sc.
276 500 383 537 eluas
405 507 446 537 tu
467 512 570 538 anne
591 513 815 549 exunguare
836 499 989 538 ciccum
1011 512 1092 537 non
1114 498 1338 537 interduim.

180 563 250 602 tibi
268 577 340 613 ego
362 578 581 614 numquam
598 564 812 615 quicquam
830 566 987 603 credam
1006 564 1078 602 nisi
1101 564 1131 603 si
1153 572 1318 615 accepto
1340 565 1512 613 pignore.

179 637 220 667 tu
241 630 304 667 uel
325 630 424 668 suda
445 631 507 667 uel
529 629 611 680 peri
631 631 721 681 algu
743 631 806 669 uel
827 638 867 668 tu
889 638 1047 680 aegrota
1069 631 1130 668 uel
1153 630 1250 667 uale.

179 695 388 733 barbarum
410 695 607 745 hospitem
631 695 682 733 mi
705 695 743 733 in
765 695 874 734 aedis
895 695 948 733 nil
972 709 1110 733 moror.
1172 702 1231 733 sat
1251 693 1484 732 litiumst.—
1539 711 1575 742 ²5

179 762 256 800 CH.
290 760 421 799 iamne
440 761 579 799 abeis?
636 761 786 800 uenalis
808 761 885 799 illic
906 760 1125 807 ductitauit,
1149 759 1327 810 quisquis
1349 767 1431 806 est3

93 836 156 880 585
179 839 259 864 non
281 833 338 865 est
360 825 590 865 misericors.
651 828 720 866 sed
742 827 838 877 quid
860 841 932 877 ego
954 826 1017 865 hic
1038 834 1124 865 asto
1145 825 1278 865 infelix
1299 825 1473 863 uuidus?

177 891 273 942 quin
312 892 414 931 abeo
453 893 531 931 huc
571 892 610 930 in
646 892 811 931 Veneris
851 894 997 939 fanum,
1035 900 1077 930 ut
1116 891 1378 931 edormiscam
1415 891 1516 928 hunc

1300 957 1512 1006 crapulam,

177 1036 297 1073 quam
320 1023 454 1074 potaui
476 1031 628 1074 praeter
648 1023 769 1062 animi
790 1037 909 1074 quarn
932 1023 1059 1062 lubuit
1081 1022 1348 1061 sententiam?

177 1088 289 1138 quasi
311 1088 412 1127 uinis
435 1089 595 1128 Graecis
618 1091 830 1139 Neptunus
851 1088 967 1127 nobis
989 1088 1151 1127 suffudit
1172 1101 1290 1134 mare,

179 1154 310 1204 itaque
330 1155 463 1192 aluom
485 1154 599 1205 prodi
620 1154 791 1204 sperauit
812 1154 927 1192 nobis
949 1153 1058 1192 salsis
1080 1153 1232 1203 poculis
1248 1167 1259 1200 3

91 1234 159 1270 590
178 1219 274 1269 quid
295 1226 413 1269 opust
433 1219 593 1258 uerbis?
622 1219 653 1257 si
674 1219 840 1258 inuitare
861 1233 933 1258 nos
954 1219 1166 1270 paullisper
1186 1226 1372 1269 pergeret,

177 1283 325 1322 ibidem
347 1284 686 1323 obdormissemus
704 1299 710 1322 :
741 1298 847 1323 nunc
868 1284 932 1323 uix
953 1284 1067 1323 uiuos
1088 1283 1219 1322 amisit
1239 1285 1415 1323 domum.

176 1361 283 1387 nunc
302 1349 488 1388 lenonem
509 1348 606 1400 quid
625 1346 705 1400 ag'it
725 1348 830 1388 intus
852 1349 988 1396 uisam,
1013 1348 1225 1388 conuiuam
1248 1362 1450 1388 meum—-

684 1653 721 1689 D
735 1664 759 1689 A
775 1665 799 1690 E
814 1665 843 1690 M
859 1664 883 1689 0
898 1664 925 1689 Ν
940 1664 964 1689 Ε
978 1664 996 1690 s

337 1745 450 1785 Miris
471 1745 600 1785 modis
620 1745 660 1784 di
681 1746 796 1784 ludos
818 1744 965 1783 faciunt
987 1743 1227 1791 hominibus,

338 1811 524 1861 mirisque
545 1810 733 1861 exemplis
755 1809 909 1848 somnia
930 1809 968 1847 in
991 1808 1140 1848 somnis
1161 1810 1338 1848 danunt:

92 1891 154 1927 595
339 1891 388 1915 ne
409 1875 639 1915 dormientis
660 1875 821 1925 quidem
844 1875 978 1913 sinunt
998 1874 1211 1925 quiescere.

339 1943 447 1980 uelut
468 1954 540 1991 ego
561 1942 636 1979 hac
656 1948 774 1979 nocte
795 1954 897 1991 quae
918 1939 1107 1990 processit
1129 1953 1319 1990 proxuma

219 2048 284 2086 576
308 2047 458 2086 tegillum
483 2045 539 2084 (ti-
563 2047 589 2083 2)
616 2045 745 2084 ecillum
772 2045 829 2076 A:
855 2044 996 2084 tigillum
1021 2044 1103 2085 (tix-
1138 2043 1179 2082 T)
1211 2043 1333 2075 ecillud
1356 2043 1389 2074 P
1476 2043 1509 2075 id

171 2092 266 2131 prsns
282 2101 347 2121 om.
368 2090 410 2129 P,
426 2089 514 2120 codd.
533 2089 639 2120 Pauli
649 2090 715 2127 366
847 2099 909 2129 577
935 2088 978 2129 si]
999 2099 1018 2118 u
1034 2087 1120 2118 —A
1139 2087 1200 2125 (an
1217 2088 1273 2118 ubi
1286 2089 1312 2129 3)
1402 2087 1510 2126 pluuit

174 2134 214 2174 P,
233 2134 266 2164 A
287 2146 317 2165 u.
338 2135 356 2165 l.
475 2143 538 2173 579
564 2143 607 2164 ne
623 2133 710 2164 codd.
830 2134 896 2171 580
920 2138 954 2163 tu
973 2142 1062 2162 anne
1081 2135 1117 2161 ul
1132 2131 1194 2162 vid.
1215 2132 1248 2162 P
1264 2136 1312 2167 (tu
1330 2142 1373 2161 an
1391 2130 1432 2170 Β,
1452 2136 1508 2162 tua

175 2188 217 2209 ne
243 2177 346 2211 PCDN,
373 2178 405 2207 A
434 2188 466 2209 η.
494 2177 515 2208 Ι.
627 2177 794 2208 interdum
823 2176 855 2206 Ρ
1002 2177 1061 2215 581
1093 2175 1270 2205 Charmidi
1293 2174 1352 2205 cla!
1379 2174 1418 2216 (3)
1445 2174 1510 2204 Lro

174 2222 200 2252 si
218 2233 283 2253 om.
305 2222 338 2251 A
453 2222 516 2260 583
540 2221 652 2251 aedeis
670 2221 702 2251 P
813 2222 876 2259 584
903 2221 1034 2251 uenalis
1051 2220 1098 2249 bis
1114 2218 1146 2249 P
1199 2219 1278 2259 iillic
1296 2219 1327 2248 A
1443 2220 1509 2257 586

174 2264 254 2306 huc]
273 2266 351 2296 hinc
370 2265 402 2295 Ρ
513 2267 574 2304 587
601 2276 699 2304 quom
720 2275 751 2304 p.
773 2265 815 2300 (Γ)
835 2264 900 2294 Lm
1017 2264 1169 2302 588-602
1194 2263 1364 2302 1'1n't1'afirr
1380 2266 1508 2293 ,cervam

174 2309 206 2339 A
320 2320 383 2348 592
407 2314 484 2348 agat
504 2309 716 2339 Camerarius
826 2318 899 2347 593,
913 2318 975 2347 594
997 2309 1047 2347 (sſs
1064 2307 1158 2339 llle’rc.
1178 2318 1251 2347 225,
1272 2308 1347 2337 226:
1368 2307 1507 2337 alterum

175 2353 240 2384 secl.
263 2353 387 2383 Ritscld
497 2363 560 2391 593
585 2353 700 2385 mstziir
721 2353 762 2382 isi
782 2352 812 2381 A
933 2361 995 2390 594
1021 2352 1152 2381 somnia
1169 2351 1263 2381 Merv.
1285 2352 1348 2380 2226
1367 2363 1373 2380 :
1397 2351 1509 2380 omnia

178 2397 235 2426 *B*
256 2398 305 2427 vel
321 2407 395 2427 nam
414 2397 527 2427 omnia
547 2396 648 2425 (ΡΨ)
662 2396 701 2435 Ρ,
716 2396 748 2426 A
764 2407 792 2425 n.
806 2396 825 2426 l.
962 2397 1028 2435 596
1053 2405 1166 2434 praece
1179 2395 1239 2424 ssit
1260 2395 1322 2424 Leo
1339 2394 1387 2435 (A
1406 2405 1436 2424 n.
1455 2394 1474 2425 l.
1502 2418 1508 2431 ,

175 2440 232 2471 sed
246 2442 281 2480 <fi
306 2440 407 2471 Mas-x
427 2441 574 2480 [Sitzlm.
601 2439 691 2469 ll'ien
708 2439 819 2470 Almd.
845 2440 942 2479 1899)

1537 1105 1578 1136 30

1531 1651 1608 1690 ΙΙΙ.
1632 1651 1645 1688 i
