1747 2740
183 163 252 201 IV.
276 163 305 199 ii
686 161 733 197 T.
768 158 949 197 MACCI
981 159 1185 197 PLAVTI

277 277 340 314 Sv.
374 276 443 313 has
464 274 644 324 regiones
665 271 953 312 demonstrauit
975 271 1070 309 mihi
1091 271 1156 311 ille
1177 273 1397 311 conductor
1419 285 1555 320 meus;

220 358 258 389 25
277 342 383 391 apud
405 340 488 379 illas
509 339 619 378 aedis
641 338 839 377 sistendae
862 337 957 375 mihi
978 345 1069 375 sunt
1090 338 1382 388 sycophantiae.

278 408 379 444 fores
394 406 568 456 pultabo.
614 406 692 444 CH.
721 404 773 442 ad
790 410 942 441 nostras
959 402 1068 441 aedis
1085 402 1313 453 hicquidem
1332 403 1452 442 habet
1468 410 1614 442 rectam

1495 468 1612 507 uiam.

278 538 408 575 hercle
429 536 569 586 opinor
590 534 644 573 mi
663 533 895 573 aduenienti
915 534 990 572 hac
1017 541 1138 572 noctu
1162 533 1429 584 agitandumst
1449 533 1611 585 uigilias.

279 603 343 641 Sv.
378 601 526 652 aperite
552 602 640 648 hoc,
670 599 828 650 aperite.
888 600 997 646 heuS,
1025 598 1161 648 ecquis
1187 598 1248 637 his
1275 598 1423 638 foribus
1450 600 1614 638 tutelam
1634 603 1704 647 870

1487 664 1583 714 gerit
1599 666 1615 703 ?

278 734 356 775 CH.
388 733 495 784 quid,
515 733 759 779 adulescens,
776 730 961 781 quaeris?
991 729 1087 780 quid
1108 729 1197 769 uis?
1226 730 1323 780 quid
1344 730 1436 768 istas
1457 731 1616 780 pultas?

1266 797 1330 835 Sv.
1363 796 1461 835 heus
1482 808 1612 842 senex,

221 880 260 913 30
278 877 420 903 census
441 877 563 914 quom
584 861 716 915 (sum),
741 861 901 900 iuratori
921 868 1026 900 recte
1047 860 1239 900 rationem
1260 861 1364 901 dedi.

280 929 548 969 Lesbonicum
570 928 634 966 hic
654 929 952 967 adulescentem
974 940 1122 977 quaero
1143 927 1183 965 in
1203 927 1263 966 his
1284 926 1510 978 regionibus

277 995 346 1034 ubi
367 994 529 1042 habitet,
552 1001 590 1033 et
611 993 706 1033 item
727 995 893 1032 alterum
914 993 966 1031 ad
986 992 1112 1031 istanc
1129 992 1267 1043 capitis
1287 992 1549 1032 albitudinem
1567 1008 1574 1032 :

278 1060 483 1101 Calliclem
504 1059 635 1099 aiebat
656 1058 788 1098 uocari
811 1058 878 1109 qui
900 1059 970 1097 has
992 1057 1102 1097 dedit
1124 1058 1177 1096 mi
1198 1058 1396 1109 epistulas.
1635 1066 1700 1112 875

279 1128 357 1167 CH.
390 1140 523 1165 meum
544 1133 707 1176 gnatum
729 1124 959 1175 hicquidem
990 1123 1259 1163 Lesbonicum
1287 1124 1439 1175 quaerit
1465 1133 1504 1164 et
1523 1125 1617 1165 ami-

1369 1204 1461 1230 cum
1483 1204 1616 1230 meum

218 1275 259 1307 35
279 1258 374 1308 quoi
394 1272 467 1308 ego
488 1257 713 1308 liberosque
735 1257 922 1306 bonaque
942 1256 1237 1303 commendaui,
1261 1256 1477 1296 Calliclem.

278 1325 342 1363 Sv.
375 1325 435 1362 fac
463 1337 536 1370 me,
560 1322 591 1361 si
619 1322 705 1370 scis,
735 1322 941 1362 certiorem
970 1323 1091 1361 hosce
1118 1322 1299 1362 homines
1327 1322 1394 1362 ubi
1422 1323 1612 1371 habitent,

1492 1397 1612 1440 pater.

277 1455 354 1494 CH.
388 1453 484 1505 quid
505 1467 572 1492 eos
593 1453 777 1504 quaeris?
805 1461 872 1491 aut
893 1452 981 1503 quis
1005 1455 1076 1492 es?
1105 1461 1172 1492 aut
1192 1455 1300 1493 unde
1320 1456 1392 1493 es?
1419 1462 1487 1493 aut
1507 1456 1614 1494 unde

1419 1520 1585 1560 aduenis
1598 1523 1615 1560 ?

276 1587 340 1625 Sv.
374 1587 497 1624 multa
517 1584 633 1623 simul
654 1584 807 1634 rogitas,
832 1585 967 1623 nescio
989 1584 1086 1634 quid
1107 1585 1315 1636 expediam
1336 1585 1611 1636 potissumum.
1633 1590 1703 1625 880

278 1651 309 1690 si
331 1664 454 1690 unum
477 1649 668 1701 quicquid
690 1649 915 1700 singillatim
939 1657 978 1689 et
999 1650 1155 1701 placide
1177 1651 1474 1702 percontabere,

215 1734 258 1765 40
277 1724 316 1756 et
336 1730 469 1755 meum
492 1716 640 1754 nornen
661 1722 699 1754 et
721 1729 809 1754 mea
829 1716 931 1754 facta
952 1723 991 1754 et
1012 1715 1151 1755 itinera
1171 1730 1244 1767 ego
1265 1718 1354 1756 faxo
1374 1717 1485 1756 scias.

279 1783 356 1822 CH.
404 1781 545 1820 faciam
587 1781 640 1820 ita
679 1788 721 1819 ut
762 1780 831 1819 uis.
892 1782 1063 1831 agedum
1104 1795 1252 1821 nomen
1292 1790 1403 1822 tuom
1442 1782 1612 1833 primum

1307 1861 1483 1887 memora
1503 1847 1610 1886 mihi.

278 1913 341 1951 ΞΥ.
375 1925 562 1962 magnum
584 1911 735 1951 facinus
761 1911 955 1962 incipissis
976 1920 1118 1963 petere.
1180 1914 1257 1953 CH.
1290 1913 1387 1964 quid
1408 1913 1490 1952 ita?
1547 1914 1610 1951 Sv.

1365 1979 1470 2029 quia,
1491 1986 1610 2030 pater,

323 2084 386 2114 868
412 2083 535 2123 putabo
557 2082 626 2113 cod.
739 2082 839 2113 habet
861 2081 935 2113 Ital.
955 2094 961 2113 ε
995 2083 1115 2114 habeat
1137 2083 1203 2115 cod.
1357 2085 1421 2123 869
1445 2084 1495 2114 vel
1507 2084 1610 2124 opino

279 2128 338 2167 871
368 2128 432 2157 heu
451 2126 516 2158 cod.
662 2126 726 2165 872
750 2136 823 2156 sum
841 2125 916 2157 add.
937 2126 1110 2158 Aa'dalius
1202 2127 1377 2168 posthunc
1390 2139 1419 2160 v.
1439 2126 1504 2158 Leo
1516 2127 1613 2158 crrdt'l

277 2182 306 2203 v.
325 2169 523 2201 huiusmodi
534 2169 684 2201 exoe‘disse
728 2169 794 2200 Cu.
823 2171 1000 2208 responde,
1029 2176 1216 2202 monstrare
1241 2172 1299 2202 tibi
1323 2181 1410 2211 quos
1431 2172 1566 2211 quaeris
1582 2171 1610 2202 si

279 2215 417 2255 possim.
467 2215 524 2245 ΞΥ.
541 2215 682 2253 eloquar
802 2214 864 2252 873
890 2214 969 2244 hinc
988 2213 1165 2254 Nipperdey
1297 2216 1361 2255 874
1386 2220 1420 2246 et
1436 2226 1500 2246 om.
1519 2214 1610 2245 codd.

279 2258 384 2289 Nonii
399 2269 439 2298 73
531 2258 640 2288 istane
658 2257 724 2289 cod.
744 2269 750 2288 :
774 2257 880 2297 ipsam
897 2257 983 2288 codd.
1001 2258 1108 2288 Nonii
1245 2259 1309 2298 875
1334 2259 1413 2289 mihi
1431 2259 1522 2289 dedit
1538 2257 1612 2288 PCD

278 2304 341 2341 877
366 2303 416 2333 vel
433 2302 524 2342 quoii
659 2302 723 2341 878
747 2301 774 2332 si
807 2301 854 2331 sis
875 2302 1017 2331 certiore
1046 2302 1111 2334 cod.
1203 2303 1297 2333 hisce
1324 2302 1408 2341 ltal.‚
1427 2303 1508 2342 sort.
1541 2305 1614 2332 recte

279 2346 426 2376 habitem
449 2346 513 2376 cod.
538 2346 630 2386 (corr.
652 2345 699 2378 D)
827 2345 887 2374 881
916 2346 968 2374 sin
993 2345 1057 2375 cod.
1079 2346 1146 2382 ‹xx-ii.
1167 2346 1201 2384 4)
1316 2346 1380 2376 882
1404 2356 1527 2377 numen
1544 2344 1608 2376 cod.

281 2395 374 2428 (corr.
395 2389 443 2431 D)
577 2389 640 2428 884
666 2393 763 2428 pater
779 2387 911 2418 Merula
926 2399 933 2417 τ
970 2394 1098 2428 patrem
1115 2389 1181 2421 cod.
