<?xml version="1.0" encoding="UTF-8"?>
<!DOCTYPE html PUBLIC "-//W3C//DTD XHTML 1.0 Transitional//EN"
    "http://www.w3.org/TR/xhtml1/DTD/xhtml1-transitional.dtd">
<html xmlns="http://www.w3.org/1999/xhtml" xml:lang="en" lang="en">
 <head>
  <title>
</title>
<meta http-equiv="Content-Type" content="text/html;charset=utf-8" />
  <meta name='ocr-system' content='tesseract 3.04.00' />
  <meta name='ocr-capabilities' content='ocr_page ocr_carea ocr_par ocr_line ocrx_word'/>
</head>
<body>
  <div class='ocr_page' id='page_1' title='image "./comoediaerecogno02plau_0327.png"; bbox 0 0 1747 2740; ppageno 0'>
   <div class='ocr_carea' id='block_1_1' title="bbox 63 345 162 428">
    <p class='ocr_par' dir='ltr' id='par_1_1' title="bbox 63 345 162 428">
     <span class='ocr_line' id='line_1_1' title="bbox 63 345 162 379; baseline 0 -9"><span class='ocrx_word' id='word_1_1' title='bbox 63 345 162 379; x_wconf 88' lang='lat'>1024,</span> 
     </span>
     <span class='ocr_line' id='line_1_2' title="bbox 74 391 160 428; baseline -0.012 -10"><span class='ocrx_word' id='word_1_2' title='bbox 74 391 160 428; x_wconf 83' lang='lat'>1025</span> 
     </span>
    </p>
   </div>
   <div class='ocr_carea' id='block_1_2' title="bbox 72 674 162 708">
    <p class='ocr_par' dir='ltr' id='par_1_2' title="bbox 72 674 162 708">
     <span class='ocr_line' id='line_1_3' title="bbox 72 674 162 708; baseline -0.011 -8"><span class='ocrx_word' id='word_1_3' title='bbox 72 674 162 708; x_wconf 87' lang='lat'>1030</span> 
     </span>
    </p>
   </div>
   <div class='ocr_carea' id='block_1_3' title="bbox 57 933 157 1016">
    <p class='ocr_par' dir='ltr' id='par_1_3' title="bbox 57 933 157 1016">
     <span class='ocr_line' id='line_1_4' title="bbox 57 933 157 966; baseline -0.01 0"><span class='ocrx_word' id='word_1_4' title='bbox 57 933 157 966; x_wconf 83' lang='lat'>1034,</span> 
     </span>
     <span class='ocr_line' id='line_1_5' title="bbox 69 980 155 1016; baseline 0.012 -1"><span class='ocrx_word' id='word_1_5' title='bbox 69 980 155 1016; x_wconf 84' lang='lat'>1035</span> 
     </span>
    </p>
   </div>
   <div class='ocr_carea' id='block_1_4' title="bbox 66 1392 157 1426">
    <p class='ocr_par' dir='ltr' id='par_1_4' title="bbox 66 1392 157 1426">
     <span class='ocr_line' id='line_1_6' title="bbox 66 1392 157 1426; baseline 0 -9"><span class='ocrx_word' id='word_1_6' title='bbox 66 1392 157 1426; x_wconf 88' lang='lat'>1040</span> 
     </span>
    </p>
   </div>
   <div class='ocr_carea' id='block_1_5' title="bbox 62 1721 149 1758">
    <p class='ocr_par' dir='ltr' id='par_1_5' title="bbox 62 1721 149 1758">
     <span class='ocr_line' id='line_1_7' title="bbox 62 1721 149 1758; baseline 0.023 -2"><span class='ocrx_word' id='word_1_7' title='bbox 62 1721 149 1758; x_wconf 83' lang='lat'>1045</span> 
     </span>
    </p>
   </div>
   <div class='ocr_carea' id='block_1_6' title="bbox 49 1985 150 2069">
    <p class='ocr_par' dir='ltr' id='par_1_6' title="bbox 49 1985 150 2069">
     <span class='ocr_line' id='line_1_8' title="bbox 49 1985 146 2020; baseline 0 0"><span class='ocrx_word' id='word_1_8' title='bbox 49 1985 146 2020; x_wconf 81' lang='lat'>1049,</span> 
     </span>
     <span class='ocr_line' id='line_1_9' title="bbox 61 2034 150 2069; baseline 0 -10"><span class='ocrx_word' id='word_1_9' title='bbox 61 2034 150 2069; x_wconf 86' lang='lat'>1050</span> 
     </span>
    </p>
   </div>
   <div class='ocr_carea' id='block_1_7' title="bbox 686 152 1580 193">
    <p class='ocr_par' dir='ltr' id='par_1_7' title="bbox 686 152 1580 193">
     <span class='ocr_line' id='line_1_10' title="bbox 686 152 1580 193; baseline -0.003 0"><span class='ocrx_word' id='word_1_10' title='bbox 686 152 1008 193; x_wconf 87' lang='lat' dir='ltr'>PSEVDOLVS</span> <span class='ocrx_word' id='word_1_11' title='bbox 1445 153 1513 191; x_wconf 78' lang='lat' dir='ltr'>IV.</span> <span class='ocrx_word' id='word_1_12' title='bbox 1535 154 1580 190; x_wconf 82' lang='lat' dir='ltr'>iii</span> 
     </span>
    </p>
   </div>
   <div class='ocr_carea' id='block_1_8' title="bbox 285 266 1580 1099">
    <p class='ocr_par' dir='ltr' id='par_1_8' title="bbox 290 266 1349 320">
     <span class='ocr_line' id='line_1_11' title="bbox 290 266 1349 320; baseline -0.004 -12"><span class='ocrx_word' id='word_1_13' title='bbox 290 277 411 320; x_wconf 83' lang='lat' dir='ltr'>atque</span> <span class='ocrx_word' id='word_1_14' title='bbox 431 270 574 319; x_wconf 81' lang='lat' dir='ltr'><strong>edepol</strong></span> <span class='ocrx_word' id='word_1_15' title='bbox 595 267 781 318; x_wconf 79' lang='lat' dir='ltr'>equidem</span> <span class='ocrx_word' id='word_1_16' title='bbox 804 269 908 313; x_wconf 85' lang='lat' dir='ltr'>nolo,</span> <span class='ocrx_word' id='word_1_17' title='bbox 934 281 1023 304; x_wconf 81' lang='lat' dir='ltr'>nam</span> <span class='ocrx_word' id='word_1_18' title='bbox 1047 266 1100 304; x_wconf 90' lang='lat' dir='ltr'>illi</span> <span class='ocrx_word' id='word_1_19' title='bbox 1123 267 1224 305; x_wconf 83' lang='lat' dir='ltr'>bene</span> <span class='ocrx_word' id='word_1_20' title='bbox 1245 268 1349 305; x_wconf 89' lang='lat' dir='ltr'>uolo.</span> 
     </span>
    </p>

    <p class='ocr_par' dir='ltr' id='par_1_9' title="bbox 291 331 1235 381">
     <span class='ocr_line' id='line_1_12' title="bbox 291 331 1235 381; baseline -0.003 -9"><span class='ocrx_word' id='word_1_21' title='bbox 291 348 397 373; x_wconf 85' lang='lat' dir='ltr'>nunc</span> <span class='ocrx_word' id='word_1_22' title='bbox 418 334 458 372; x_wconf 90' lang='lat' dir='ltr'>in</span> <span class='ocrx_word' id='word_1_23' title='bbox 479 341 587 372; x_wconf 87' lang='lat' dir='ltr'>metu</span> <span class='ocrx_word' id='word_1_24' title='bbox 608 347 695 371; x_wconf 82' lang='lat' dir='ltr'>sum</span> <span class='ocrx_word' id='word_1_25' title='bbox 718 346 904 370; x_wconf 80' lang='lat' dir='ltr'>maxumo</span> <span class='ocrx_word' id='word_1_26' title='bbox 925 331 1065 381; x_wconf 90' lang='lat' dir='ltr'>triplici</span> <span class='ocrx_word' id='word_1_27' title='bbox 1089 333 1235 370; x_wconf 89' lang='lat' dir='ltr'>modo:</span> 
     </span>
    </p>

    <p class='ocr_par' dir='ltr' id='par_1_10' title="bbox 290 397 1445 449">
     <span class='ocr_line' id='line_1_13' title="bbox 290 397 1445 449; baseline -0.001 -13"><span class='ocrx_word' id='word_1_28' title='bbox 290 398 459 449; x_wconf 87' lang='lat' dir='ltr'>primum</span> <span class='ocrx_word' id='word_1_29' title='bbox 481 398 660 436; x_wconf 88' lang='lat' dir='ltr'>omnium</span> <span class='ocrx_word' id='word_1_30' title='bbox 682 397 759 435; x_wconf 86' lang='lat' dir='ltr'>iam</span> <span class='ocrx_word' id='word_1_31' title='bbox 780 398 886 435; x_wconf 88' lang='lat' dir='ltr'>hunc</span> <span class='ocrx_word' id='word_1_32' title='bbox 907 410 1134 446; x_wconf 82' lang='lat' dir='ltr'>comparem</span> <span class='ocrx_word' id='word_1_33' title='bbox 1156 404 1291 435; x_wconf 86' lang='lat' dir='ltr'>metuo</span> <span class='ocrx_word' id='word_1_34' title='bbox 1313 411 1445 435; x_wconf 81' lang='lat' dir='ltr'>meum</span> 
     </span>
    </p>

    <p class='ocr_par' dir='ltr' id='par_1_11' title="bbox 289 461 1580 575">
     <span class='ocr_line' id='line_1_14' title="bbox 289 461 1580 512; baseline -0.001 -12"><span class='ocrx_word' id='word_1_35' title='bbox 289 478 339 502; x_wconf 83' lang='lat' dir='ltr'>ne</span> <span class='ocrx_word' id='word_1_36' title='bbox 359 464 514 502; x_wconf 88' lang='lat' dir='ltr'>deserat</span> <span class='ocrx_word' id='word_1_37' title='bbox 534 464 626 501; x_wconf 91' lang='lat' dir='ltr'>med</span> <span class='ocrx_word' id='word_1_38' title='bbox 646 470 765 512; x_wconf 86' lang='lat' dir='ltr'>atque</span> <span class='ocrx_word' id='word_1_39' title='bbox 785 463 836 500; x_wconf 87' lang='lat' dir='ltr'>ad</span> <span class='ocrx_word' id='word_1_40' title='bbox 858 461 982 500; x_wconf 90' lang='lat' dir='ltr'>hostis</span> <span class='ocrx_word' id='word_1_41' title='bbox 999 469 1195 509; x_wconf 84' lang='lat' dir='ltr'>transeat,·</span> <span class='ocrx_word' id='word_1_42' title='bbox 1542 479 1580 499; x_wconf 88' lang='lat'>10</span> 
     </span>
     <span class='ocr_line' id='line_1_15' title="bbox 289 526 1329 575; baseline -0.001 -9"><span class='ocrx_word' id='word_1_43' title='bbox 289 537 423 567; x_wconf 86' lang='lat' dir='ltr'>metuo</span> <span class='ocrx_word' id='word_1_44' title='bbox 443 535 576 567; x_wconf 87' lang='lat' dir='ltr'>autem</span> <span class='ocrx_word' id='word_1_45' title='bbox 597 526 647 566; x_wconf 78' lang='lat' dir='ltr'>ne</span> <span class='ocrx_word' id='word_1_46' title='bbox 668 541 755 566; x_wconf 86' lang='lat' dir='ltr'>erus</span> <span class='ocrx_word' id='word_1_47' title='bbox 777 528 911 566; x_wconf 81' lang='lat' dir='ltr'>redeat</span> <span class='ocrx_word' id='word_1_48' title='bbox 932 526 1051 565; x_wconf 88' lang='lat' dir='ltr'>etiam</span> <span class='ocrx_word' id='word_1_49' title='bbox 1073 528 1169 566; x_wconf 88' lang='lat' dir='ltr'>dum</span> <span class='ocrx_word' id='word_1_50' title='bbox 1190 541 1213 565; x_wconf 85' lang='lat' dir='ltr'>a</span> <span class='ocrx_word' id='word_1_51' title='bbox 1234 529 1329 575; x_wconf 90' lang='lat' dir='ltr'>foro,</span> 
     </span>
    </p>

    <p class='ocr_par' dir='ltr' id='par_1_12' title="bbox 289 592 1150 644">
     <span class='ocr_line' id='line_1_16' title="bbox 289 592 1150 644; baseline -0.001 -13"><span class='ocrx_word' id='word_1_52' title='bbox 289 608 339 632; x_wconf 89' lang='lat' dir='ltr'>ne</span> <span class='ocrx_word' id='word_1_53' title='bbox 359 602 474 644; x_wconf 86' lang='lat' dir='ltr'>capta</span> <span class='ocrx_word' id='word_1_54' title='bbox 493 594 640 644; x_wconf 88' lang='lat' dir='ltr'>praeda</span> <span class='ocrx_word' id='word_1_55' title='bbox 660 592 764 643; x_wconf 83' lang='lat' dir='ltr'>capti</span> <span class='ocrx_word' id='word_1_56' title='bbox 786 593 1008 643; x_wconf 78' lang='lat' dir='ltr'>praedones</span> <span class='ocrx_word' id='word_1_57' title='bbox 1029 594 1150 631; x_wconf 87' lang='lat' dir='ltr'>fuant.</span> 
     </span>
    </p>

    <p class='ocr_par' dir='ltr' id='par_1_13' title="bbox 287 658 1490 775">
     <span class='ocr_line' id='line_1_17' title="bbox 288 658 1490 710; baseline -0.001 -12"><span class='ocrx_word' id='word_1_58' title='bbox 288 674 411 710; x_wconf 88' lang='lat' dir='ltr'>quom</span> <span class='ocrx_word' id='word_1_59' title='bbox 432 661 530 699; x_wconf 89' lang='lat' dir='ltr'>haec</span> <span class='ocrx_word' id='word_1_60' title='bbox 551 667 697 706; x_wconf 83' lang='lat' dir='ltr'>metuo,</span> <span class='ocrx_word' id='word_1_61' title='bbox 721 666 856 697; x_wconf 88' lang='lat' dir='ltr'>metuo</span> <span class='ocrx_word' id='word_1_62' title='bbox 877 673 927 698; x_wconf 86' lang='lat' dir='ltr'>ne</span> <span class='ocrx_word' id='word_1_63' title='bbox 949 658 1012 697; x_wconf 88' lang='lat' dir='ltr'>ille</span> <span class='ocrx_word' id='word_1_64' title='bbox 1034 660 1111 696; x_wconf 86' lang='lat' dir='ltr'>huc</span> <span class='ocrx_word' id='word_1_65' title='bbox 1134 660 1297 709; x_wconf 77' lang='lat' dir='ltr'>Harpax</span> <span class='ocrx_word' id='word_1_66' title='bbox 1317 660 1490 698; x_wconf 86' lang='lat' dir='ltr'>aduenat</span> 
     </span>
     <span class='ocr_line' id='line_1_18' title="bbox 287 723 1380 775; baseline 0 -13"><span class='ocrx_word' id='word_1_67' title='bbox 287 724 385 775; x_wconf 91' lang='lat' dir='ltr'>priu’</span> <span class='ocrx_word' id='word_1_68' title='bbox 405 738 523 775; x_wconf 89' lang='lat' dir='ltr'>quam</span> <span class='ocrx_word' id='word_1_69' title='bbox 545 724 641 764; x_wconf 88' lang='lat' dir='ltr'>hinc</span> <span class='ocrx_word' id='word_1_70' title='bbox 659 724 722 762; x_wconf 88' lang='lat' dir='ltr'>hic</span> <span class='ocrx_word' id='word_1_71' title='bbox 747 726 910 774; x_wconf 81' lang='lat' dir='ltr'>Harpax</span> <span class='ocrx_word' id='word_1_72' title='bbox 930 723 1070 762; x_wconf 87' lang='lat' dir='ltr'>abierit</span> <span class='ocrx_word' id='word_1_73' title='bbox 1091 737 1182 761; x_wconf 90' lang='lat' dir='ltr'>cum</span> <span class='ocrx_word' id='word_1_74' title='bbox 1205 723 1380 762; x_wconf 86' lang='lat' dir='ltr'>muliere.</span> 
     </span>
    </p>

    <p class='ocr_par' dir='ltr' id='par_1_14' title="bbox 285 788 1578 906">
     <span class='ocr_line' id='line_1_19' title="bbox 286 788 1578 841; baseline -0.003 -13"><span class='ocrx_word' id='word_1_75' title='bbox 286 789 383 841; x_wconf 92' lang='lat' dir='ltr'>perii</span> <span class='ocrx_word' id='word_1_76' title='bbox 403 791 557 828; x_wconf 81' lang='lat' dir='ltr'>hercle!</span> <span class='ocrx_word' id='word_1_77' title='bbox 588 788 755 827; x_wconf 90' lang='lat' dir='ltr'>nimium</span> <span class='ocrx_word' id='word_1_78' title='bbox 778 791 888 828; x_wconf 85' lang='lat' dir='ltr'>tarde</span> <span class='ocrx_word' id='word_1_79' title='bbox 911 789 1165 839; x_wconf 87' lang='lat' dir='ltr'>egrediuntur</span> <span class='ocrx_word' id='word_1_80' title='bbox 1185 789 1298 827; x_wconf 82' lang='lat' dir='ltr'>foras.</span> <span class='ocrx_word' id='word_1_81' title='bbox 1540 802 1578 834; x_wconf 86' lang='lat'>15</span> 
     </span>
     <span class='ocr_line' id='line_1_20' title="bbox 285 855 1090 906; baseline -0.001 -13"><span class='ocrx_word' id='word_1_82' title='bbox 285 869 353 894; x_wconf 91' lang='lat' dir='ltr'>cor</span> <span class='ocrx_word' id='word_1_83' title='bbox 373 855 577 906; x_wconf 85' lang='lat' dir='ltr'>conligatis</span> <span class='ocrx_word' id='word_1_84' title='bbox 598 855 702 894; x_wconf 89' lang='lat' dir='ltr'>uasis</span> <span class='ocrx_word' id='word_1_85' title='bbox 723 862 924 905; x_wconf 79' lang='lat' dir='ltr'>exspectat</span> <span class='ocrx_word' id='word_1_86' title='bbox 945 868 1090 901; x_wconf 88' lang='lat' dir='ltr'>meum,</span> 
     </span>
    </p>

    <p class='ocr_par' dir='ltr' id='par_1_15' title="bbox 287 920 1117 967">
     <span class='ocr_line' id='line_1_21' title="bbox 287 920 1117 967; baseline -0.002 -8"><span class='ocrx_word' id='word_1_87' title='bbox 287 920 318 959; x_wconf 89' lang='lat' dir='ltr'>si</span> <span class='ocrx_word' id='word_1_88' title='bbox 340 935 420 959; x_wconf 88' lang='lat' dir='ltr'>non</span> <span class='ocrx_word' id='word_1_89' title='bbox 441 922 584 960; x_wconf 86' lang='lat' dir='ltr'>educat</span> <span class='ocrx_word' id='word_1_90' title='bbox 606 921 809 959; x_wconf 87' lang='lat' dir='ltr'>mulierem</span> <span class='ocrx_word' id='word_1_91' title='bbox 832 933 967 959; x_wconf 88' lang='lat' dir='ltr'>secum</span> <span class='ocrx_word' id='word_1_92' title='bbox 989 920 1117 967; x_wconf 84' lang='lat' dir='ltr'>simul,</span> 
     </span>
    </p>

    <p class='ocr_par' dir='ltr' id='par_1_16' title="bbox 287 985 1133 1037">
     <span class='ocr_line' id='line_1_22' title="bbox 287 985 1133 1037; baseline -0.001 -12"><span class='ocrx_word' id='word_1_93' title='bbox 287 994 329 1025; x_wconf 89' lang='lat' dir='ltr'>ut</span> <span class='ocrx_word' id='word_1_94' title='bbox 349 988 568 1026; x_wconf 84' lang='lat' dir='ltr'>exsolatum</span> <span class='ocrx_word' id='word_1_95' title='bbox 589 1001 635 1025; x_wconf 89' lang='lat' dir='ltr'>ex</span> <span class='ocrx_word' id='word_1_96' title='bbox 656 995 816 1037; x_wconf 82' lang='lat' dir='ltr'>pectore</span> <span class='ocrx_word' id='word_1_97' title='bbox 836 985 1011 1036; x_wconf 79' lang='lat' dir='ltr'>aufugiat</span> <span class='ocrx_word' id='word_1_98' title='bbox 1031 999 1133 1025; x_wconf 90' lang='lat' dir='ltr'>meo.</span> 
     </span>
    </p>

    <p class='ocr_par' dir='ltr' id='par_1_17' title="bbox 285 1051 1141 1099">
     <span class='ocr_line' id='line_1_23' title="bbox 285 1051 1141 1099; baseline -0.001 -8"><span class='ocrx_word' id='word_1_99' title='bbox 285 1052 412 1091; x_wconf 88' lang='lat' dir='ltr'>uictor</span> <span class='ocrx_word' id='word_1_100' title='bbox 431 1066 530 1099; x_wconf 88' lang='lat' dir='ltr'>sum,</span> <span class='ocrx_word' id='word_1_101' title='bbox 555 1051 632 1090; x_wconf 87' lang='lat' dir='ltr'>uici</span> <span class='ocrx_word' id='word_1_102' title='bbox 653 1059 790 1090; x_wconf 88' lang='lat' dir='ltr'>cautos</span> <span class='ocrx_word' id='word_1_103' title='bbox 811 1052 997 1090; x_wconf 85' lang='lat' dir='ltr'>custodes</span> <span class='ocrx_word' id='word_1_104' title='bbox 1019 1065 1141 1090; x_wconf 82' lang='lat' dir='ltr'>meos.</span> 
     </span>
    </p>
   </div>
   <div class='ocr_carea' id='block_1_9' title="bbox 538 1164 1585 1202">
    <p class='ocr_par' dir='ltr' id='par_1_18' title="bbox 538 1164 1585 1202">
     <span class='ocr_line' id='line_1_24' title="bbox 538 1164 1585 1202; baseline 0 -1"><span class='ocrx_word' id='word_1_105' title='bbox 538 1165 705 1202; x_wconf 74' lang='lat' dir='ltr'>SlmrA</span> <span class='ocrx_word' id='word_1_106' title='bbox 818 1164 1149 1201; x_wconf 76' lang='lat' dir='ltr'>PsEVDOLvs</span> <span class='ocrx_word' id='word_1_107' title='bbox 1537 1165 1585 1201; x_wconf 88' lang='lat' dir='ltr'>iv</span> 
     </span>
    </p>
   </div>
   <div class='ocr_carea' id='block_1_10' title="bbox 276 1243 1570 2071">
    <p class='ocr_par' dir='ltr' id='par_1_19' title="bbox 283 1243 1331 1295">
     <span class='ocr_line' id='line_1_25' title="bbox 283 1243 1331 1295; baseline -0.001 -11"><span class='ocrx_word' id='word_1_108' title='bbox 283 1247 418 1285; x_wconf 77' lang='grc' dir='ltr'><strong>ΞῙΜῙΑ.</strong></span> <span class='ocrx_word' id='word_1_109' title='bbox 452 1246 515 1284; x_wconf 94' lang='lat' dir='ltr'>Ne</span> <span class='ocrx_word' id='word_1_110' title='bbox 535 1246 655 1295; x_wconf 86' lang='lat' dir='ltr'>plora,</span> <span class='ocrx_word' id='word_1_111' title='bbox 680 1243 807 1282; x_wconf 89' lang='lat' dir='ltr'>nescis</span> <span class='ocrx_word' id='word_1_112' title='bbox 829 1252 871 1282; x_wconf 93' lang='lat' dir='ltr'>ut</span> <span class='ocrx_word' id='word_1_113' title='bbox 892 1258 951 1282; x_wconf 89' lang='lat' dir='ltr'>res</span> <span class='ocrx_word' id='word_1_114' title='bbox 973 1243 1031 1289; x_wconf 90' lang='lat' dir='ltr'>sit,</span> <span class='ocrx_word' id='word_1_115' title='bbox 1058 1244 1331 1292; x_wconf 86' lang='lat' dir='ltr'>Phoenicium,</span> 
     </span>
    </p>

    <p class='ocr_par' dir='ltr' id='par_1_20' title="bbox 283 1309 1258 1360">
     <span class='ocr_line' id='line_1_26' title="bbox 283 1309 1258 1360; baseline -0.001 -11"><span class='ocrx_word' id='word_1_116' title='bbox 283 1325 419 1349; x_wconf 91' lang='lat' dir='ltr'>uerum</span> <span class='ocrx_word' id='word_1_117' title='bbox 442 1312 519 1348; x_wconf 85' lang='lat' dir='ltr'>hau</span> <span class='ocrx_word' id='word_1_118' title='bbox 541 1312 776 1360; x_wconf 87' lang='lat' dir='ltr'>multo&#39;post</span> <span class='ocrx_word' id='word_1_119' title='bbox 797 1310 886 1348; x_wconf 88' lang='lat' dir='ltr'>faxo</span> <span class='ocrx_word' id='word_1_120' title='bbox 908 1309 1026 1348; x_wconf 78' lang='lat' dir='ltr'>scibis</span> <span class='ocrx_word' id='word_1_121' title='bbox 1046 1310 1258 1348; x_wconf 90' lang='lat' dir='ltr'>accubans.</span> 
     </span>
    </p>

    <p class='ocr_par' dir='ltr' id='par_1_21' title="bbox 283 1375 1222 1426">
     <span class='ocr_line' id='line_1_27' title="bbox 283 1375 1222 1426; baseline -0.001 -12"><span class='ocrx_word' id='word_1_122' title='bbox 283 1390 364 1415; x_wconf 89' lang='lat' dir='ltr'>non</span> <span class='ocrx_word' id='word_1_123' title='bbox 385 1389 458 1426; x_wconf 82' lang='lat' dir='ltr'>ego</span> <span class='ocrx_word' id='word_1_124' title='bbox 478 1383 516 1414; x_wconf 91' lang='lat' dir='ltr'>te</span> <span class='ocrx_word' id='word_1_125' title='bbox 536 1376 587 1414; x_wconf 89' lang='lat' dir='ltr'>ad</span> <span class='ocrx_word' id='word_1_126' title='bbox 608 1375 718 1413; x_wconf 90' lang='lat' dir='ltr'>illum</span> <span class='ocrx_word' id='word_1_127' title='bbox 739 1376 845 1414; x_wconf 90' lang='lat' dir='ltr'>duco</span> <span class='ocrx_word' id='word_1_128' title='bbox 863 1376 1072 1414; x_wconf 85' lang='lat' dir='ltr'>dentatum</span> <span class='ocrx_word' id='word_1_129' title='bbox 1095 1375 1222 1414; x_wconf 88' lang='lat' dir='ltr'>uirum</span> 
     </span>
    </p>

    <p class='ocr_par' dir='ltr' id='par_1_22' title="bbox 283 1440 1247 1491">
     <span class='ocr_line' id='line_1_28' title="bbox 283 1440 1247 1491; baseline 0 -11"><span class='ocrx_word' id='word_1_130' title='bbox 283 1441 649 1488; x_wconf 84' lang='lat' dir='ltr'>Macedoniensem,</span> <span class='ocrx_word' id='word_1_131' title='bbox 672 1440 740 1491; x_wconf 88' lang='lat' dir='ltr'>qui</span> <span class='ocrx_word' id='word_1_132' title='bbox 761 1448 799 1480; x_wconf 89' lang='lat' dir='ltr'>te</span> <span class='ocrx_word' id='word_1_133' title='bbox 820 1454 927 1479; x_wconf 90' lang='lat' dir='ltr'>nunc</span> <span class='ocrx_word' id='word_1_134' title='bbox 948 1441 1109 1479; x_wconf 88' lang='lat' dir='ltr'>flentem</span> <span class='ocrx_word' id='word_1_135' title='bbox 1131 1441 1223 1479; x_wconf 91' lang='lat' dir='ltr'>facit</span> <span class='ocrx_word' id='word_1_136' title='bbox 1241 1456 1247 1480; x_wconf 92' lang='lat'>:</span> 
     </span>
    </p>

    <p class='ocr_par' dir='ltr' id='par_1_23' title="bbox 280 1507 1551 1559">
     <span class='ocr_line' id='line_1_29' title="bbox 280 1507 1551 1559; baseline 0 -13"><span class='ocrx_word' id='word_1_137' title='bbox 280 1508 441 1559; x_wconf 81' lang='lat' dir='ltr'>quoiam</span> <span class='ocrx_word' id='word_1_138' title='bbox 462 1521 548 1547; x_wconf 88' lang='lat' dir='ltr'>esse</span> <span class='ocrx_word' id='word_1_139' title='bbox 568 1516 606 1547; x_wconf 89' lang='lat' dir='ltr'>te</span> <span class='ocrx_word' id='word_1_140' title='bbox 627 1507 687 1546; x_wconf 89' lang='lat' dir='ltr'>uis</span> <span class='ocrx_word' id='word_1_141' title='bbox 709 1521 903 1556; x_wconf 82' lang='lat' dir='ltr'>maxume,</span> <span class='ocrx_word' id='word_1_142' title='bbox 926 1509 977 1547; x_wconf 90' lang='lat' dir='ltr'>ad</span> <span class='ocrx_word' id='word_1_143' title='bbox 999 1521 1089 1546; x_wconf 90' lang='lat' dir='ltr'>eum</span> <span class='ocrx_word' id='word_1_144' title='bbox 1111 1509 1280 1547; x_wconf 82' lang='lat' dir='ltr'>ducere:</span> <span class='ocrx_word' id='word_1_145' title='bbox 1533 1526 1551 1556; x_wconf 88' lang='lat'>5</span> 
     </span>
    </p>

    <p class='ocr_par' dir='ltr' id='par_1_24' title="bbox 279 1573 1287 1623">
     <span class='ocr_line' id='line_1_30' title="bbox 279 1573 1287 1623; baseline -0.002 -10"><span class='ocrx_word' id='word_1_146' title='bbox 279 1573 512 1614; x_wconf 89' lang='lat' dir='ltr'>Calidorum</span> <span class='ocrx_word' id='word_1_147' title='bbox 533 1574 611 1611; x_wconf 90' lang='lat' dir='ltr'>hau</span> <span class='ocrx_word' id='word_1_148' title='bbox 634 1574 760 1611; x_wconf 92' lang='lat' dir='ltr'>multo</span> <span class='ocrx_word' id='word_1_149' title='bbox 781 1579 871 1623; x_wconf 88' lang='lat' dir='ltr'>post</span> <span class='ocrx_word' id='word_1_150' title='bbox 892 1574 981 1611; x_wconf 81' lang='lat' dir='ltr'>faxo</span> <span class='ocrx_word' id='word_1_151' title='bbox 1001 1573 1287 1623; x_wconf 82' lang='lat' dir='ltr'>amplexabere.</span> 
     </span>
    </p>

    <p class='ocr_par' dir='ltr' id='par_1_25' title="bbox 280 1638 1304 1689">
     <span class='ocr_line' id='line_1_31' title="bbox 280 1638 1304 1689; baseline 0 -12"><span class='ocrx_word' id='word_1_152' title='bbox 280 1641 342 1678; x_wconf 90' lang='lat' dir='ltr'>Ps.</span> <span class='ocrx_word' id='word_1_153' title='bbox 376 1638 473 1689; x_wconf 87' lang='lat' dir='ltr'>quid</span> <span class='ocrx_word' id='word_1_154' title='bbox 494 1646 535 1677; x_wconf 91' lang='lat' dir='ltr'>tu</span> <span class='ocrx_word' id='word_1_155' title='bbox 558 1638 662 1676; x_wconf 89' lang='lat' dir='ltr'>intus</span> <span class='ocrx_word' id='word_1_156' title='bbox 684 1652 834 1688; x_wconf 84' lang='lat' dir='ltr'>quaeso</span> <span class='ocrx_word' id='word_1_157' title='bbox 855 1638 1042 1676; x_wconf 90' lang='lat' dir='ltr'>desedisti</span> <span class='ocrx_word' id='word_1_158' title='bbox 1065 1652 1184 1688; x_wconf 87' lang='lat' dir='ltr'>quam</span> <span class='ocrx_word' id='word_1_159' title='bbox 1206 1638 1304 1677; x_wconf 89' lang='lat' dir='ltr'>diu?</span> 
     </span>
    </p>

    <p class='ocr_par' dir='ltr' id='par_1_26' title="bbox 279 1703 1208 1754">
     <span class='ocr_line' id='line_1_32' title="bbox 279 1703 1208 1754; baseline -0.001 -11"><span class='ocrx_word' id='word_1_160' title='bbox 279 1703 375 1743; x_wconf 90' lang='lat' dir='ltr'>mihi</span> <span class='ocrx_word' id='word_1_161' title='bbox 397 1718 464 1743; x_wconf 90' lang='lat' dir='ltr'>cor</span> <span class='ocrx_word' id='word_1_162' title='bbox 484 1711 725 1742; x_wconf 86' lang='lat' dir='ltr'>retunsumst</span> <span class='ocrx_word' id='word_1_163' title='bbox 746 1704 1018 1754; x_wconf 84' lang='lat' dir='ltr'>oppugnando</span> <span class='ocrx_word' id='word_1_164' title='bbox 1039 1711 1208 1754; x_wconf 88' lang='lat' dir='ltr'>pectore.</span> 
     </span>
    </p>

    <p class='ocr_par' dir='ltr' id='par_1_27' title="bbox 278 1769 1135 1820">
     <span class='ocr_line' id='line_1_33' title="bbox 278 1769 1135 1820; baseline 0 -12"><span class='ocrx_word' id='word_1_165' title='bbox 278 1772 412 1809; x_wconf 75' lang='lat' dir='ltr'>SmlA.</span> <span class='ocrx_word' id='word_1_166' title='bbox 445 1769 696 1809; x_wconf 87' lang='lat' dir='ltr'>occasionem</span> <span class='ocrx_word' id='word_1_167' title='bbox 718 1769 933 1820; x_wconf 85' lang='lat' dir='ltr'>repperisti,</span> <span class='ocrx_word' id='word_1_168' title='bbox 958 1770 1135 1816; x_wconf 86' lang='lat' dir='ltr'>uerbero,</span> 
     </span>
    </p>

    <p class='ocr_par' dir='ltr' id='par_1_28' title="bbox 277 1834 1570 1886">
     <span class='ocr_line' id='line_1_34' title="bbox 277 1834 1570 1886; baseline -0.002 -11"><span class='ocrx_word' id='word_1_169' title='bbox 277 1835 345 1875; x_wconf 88' lang='lat' dir='ltr'>ubi</span> <span class='ocrx_word' id='word_1_170' title='bbox 366 1834 604 1886; x_wconf 87' lang='lat' dir='ltr'>perconteris</span> <span class='ocrx_word' id='word_1_171' title='bbox 627 1849 703 1883; x_wconf 91' lang='lat' dir='ltr'>me,</span> <span class='ocrx_word' id='word_1_172' title='bbox 724 1834 877 1873; x_wconf 89' lang='lat' dir='ltr'>insidiis</span> <span class='ocrx_word' id='word_1_173' title='bbox 898 1834 1138 1873; x_wconf 90' lang='lat' dir='ltr'>hostilibus?</span> <span class='ocrx_word' id='word_1_174' title='bbox 1534 1852 1570 1874; x_wconf 85' lang='lat'>10</span> 
     </span>
    </p>

    <p class='ocr_par' dir='ltr' id='par_1_29' title="bbox 276 1900 1139 1952">
     <span class='ocr_line' id='line_1_35' title="bbox 276 1900 1139 1952; baseline -0.002 -12"><span class='ocrx_word' id='word_1_175' title='bbox 276 1901 372 1952; x_wconf 91' lang='lat' dir='ltr'>quin</span> <span class='ocrx_word' id='word_1_176' title='bbox 394 1901 485 1940; x_wconf 85' lang='lat' dir='ltr'>hinc</span> <span class='ocrx_word' id='word_1_177' title='bbox 507 1901 691 1940; x_wconf 87' lang='lat' dir='ltr'>metimur</span> <span class='ocrx_word' id='word_1_178' title='bbox 710 1901 896 1952; x_wconf 87' lang='lat' dir='ltr'>gradibus</span> <span class='ocrx_word' id='word_1_179' title='bbox 918 1900 1139 1939; x_wconf 88' lang='lat' dir='ltr'>militariis?</span> 
     </span>
    </p>

    <p class='ocr_par' dir='ltr' id='par_1_30' title="bbox 278 1968 1507 2071">
     <span class='ocr_line' id='line_1_36' title="bbox 278 1968 1507 2018; baseline 0.001 -12"><span class='ocrx_word' id='word_1_180' title='bbox 278 1970 340 2007; x_wconf 89' lang='lat' dir='ltr'>Ps.</span> <span class='ocrx_word' id='word_1_181' title='bbox 372 1975 491 2018; x_wconf 89' lang='lat' dir='ltr'>atque</span> <span class='ocrx_word' id='word_1_182' title='bbox 522 1968 677 2018; x_wconf 90' lang='lat' dir='ltr'>edepol,</span> <span class='ocrx_word' id='word_1_183' title='bbox 711 1980 954 2018; x_wconf 85' lang='lat' dir='ltr'>quamquam</span> <span class='ocrx_word' id='word_1_184' title='bbox 991 1980 1163 2017; x_wconf 87' lang='lat' dir='ltr'>nequam</span> <span class='ocrx_word' id='word_1_185' title='bbox 1203 1968 1368 2015; x_wconf 73' lang='lat' dir='ltr'>homo&#39;s‚</span> <span class='ocrx_word' id='word_1_186' title='bbox 1404 1976 1507 2007; x_wconf 81' lang='lat' dir='ltr'>recte</span> 
     </span>
     <span class='ocr_line' id='line_1_37' title="bbox 1355 2047 1503 2071; baseline 0.007 -1"><span class='ocrx_word' id='word_1_187' title='bbox 1355 2047 1503 2071; x_wconf 79' lang='lat' dir='ltr'>mones.</span> 
     </span>
    </p>
   </div>
   <div class='ocr_carea' id='block_1_11' title="bbox 276 2098 1294 2150">
    <p class='ocr_par' dir='ltr' id='par_1_31' title="bbox 276 2098 1294 2150">
     <span class='ocr_line' id='line_1_38' title="bbox 276 2098 1294 2150; baseline -0.002 -12"><span class='ocrx_word' id='word_1_188' title='bbox 276 2099 327 2138; x_wconf 92' lang='lat' dir='ltr'>ite</span> <span class='ocrx_word' id='word_1_189' title='bbox 349 2100 434 2147; x_wconf 88' lang='lat' dir='ltr'>hac,</span> <span class='ocrx_word' id='word_1_190' title='bbox 458 2099 655 2150; x_wconf 85' lang='lat' dir='ltr'>triumphe</span> <span class='ocrx_word' id='word_1_191' title='bbox 673 2103 679 2138; x_wconf 81' lang='lat'><strong>1</strong></span> <span class='ocrx_word' id='word_1_192' title='bbox 710 2101 760 2138; x_wconf 86' lang='lat' dir='ltr'>ad</span> <span class='ocrx_word' id='word_1_193' title='bbox 783 2100 1015 2138; x_wconf 83' lang='lat' dir='ltr'>cantharum</span> <span class='ocrx_word' id='word_1_194' title='bbox 1037 2106 1142 2137; x_wconf 82' lang='lat' dir='ltr'>recta</span> <span class='ocrx_word' id='word_1_195' title='bbox 1163 2098 1294 2136; x_wconf 80' lang='lat' dir='ltr'>uia.—</span> 
     </span>
    </p>
   </div>
   <div class='ocr_carea' id='block_1_12' title="bbox 168 2192 1499 2320">
    <p class='ocr_par' dir='ltr' id='par_1_32' title="bbox 168 2192 1499 2320">
     <span class='ocr_line' id='line_1_39' title="bbox 217 2192 1499 2233; baseline -0.001 -10"><span class='ocrx_word' id='word_1_196' title='bbox 217 2204 295 2233; x_wconf 86' lang='lat'><strong>¹0²7</strong></span> <span class='ocrx_word' id='word_1_197' title='bbox 313 2193 364 2225; x_wconf 84' lang='lat' dir='ltr'>vel</span> <span class='ocrx_word' id='word_1_198' title='bbox 374 2204 428 2224; x_wconf 88' lang='lat' dir='ltr'>me</span> <span class='ocrx_word' id='word_1_199' title='bbox 442 2194 503 2228; x_wconf 79' lang='lat' dir='ltr'>(ita</span> <span class='ocrx_word' id='word_1_200' title='bbox 515 2192 596 2225; x_wconf 57' lang='lat' dir='ltr'>codji</span> <span class='ocrx_word' id='word_1_201' title='bbox 648 2198 824 2224; x_wconf 78' lang='lat' dir='ltr'>transeant</span> <span class='ocrx_word' id='word_1_202' title='bbox 836 2192 901 2224; x_wconf 77' lang='lat' dir='ltr'><em>cod.</em></span> <span class='ocrx_word' id='word_1_203' title='bbox 919 2194 1012 2232; x_wconf 76' lang='lat' dir='ltr'>(com.</span> <span class='ocrx_word' id='word_1_204' title='bbox 1027 2192 1088 2222; x_wconf 55' lang='lat' dir='ltr'>Bu</span> <span class='ocrx_word' id='word_1_205' title='bbox 1159 2202 1237 2230; x_wconf 81' lang='lat'>1031</span> <span class='ocrx_word' id='word_1_206' title='bbox 1259 2203 1358 2231; x_wconf 85' lang='lat' dir='ltr'>quom</span> <span class='ocrx_word' id='word_1_207' title='bbox 1374 2202 1415 2222; x_wconf 88' lang='lat' dir='ltr'>m.</span> <span class='ocrx_word' id='word_1_208' title='bbox 1433 2192 1499 2222; x_wconf 84' lang='lat' dir='ltr'>cod.</span> 
     </span>
     <span class='ocr_line' id='line_1_40' title="bbox 168 2235 1499 2277; baseline -0.002 -10"><span class='ocrx_word' id='word_1_209' title='bbox 168 2237 459 2277; x_wconf 40' lang='lat' dir='ltr'>(nunqua—formal</span> <span class='ocrx_word' id='word_1_210' title='bbox 521 2247 602 2276; x_wconf 86' lang='lat'>1033</span> <span class='ocrx_word' id='word_1_211' title='bbox 617 2243 775 2277; x_wconf 79' lang='lat' dir='ltr'>expectat</span> <span class='ocrx_word' id='word_1_212' title='bbox 785 2236 927 2269; x_wconf 64' lang='lat' dir='ltr'>alm-ula:</span> <span class='ocrx_word' id='word_1_213' title='bbox 949 2240 1130 2275; x_wconf 77' lang='lat' dir='ltr'>expectata</span> <span class='ocrx_word' id='word_1_214' title='bbox 1140 2236 1207 2266; x_wconf 83' lang='lat' dir='ltr'>cod.</span> <span class='ocrx_word' id='word_1_215' title='bbox 1223 2235 1338 2276; x_wconf 53' lang='lat' dir='ltr'>gApro</span> <span class='ocrx_word' id='word_1_216' title='bbox 1348 2235 1395 2272; x_wconf 86' lang='lat' dir='ltr'>M;</span> <span class='ocrx_word' id='word_1_217' title='bbox 1410 2235 1450 2266; x_wconf 79' lang='lat' dir='ltr'>iv.</span> <span class='ocrx_word' id='word_1_218' title='bbox 1465 2236 1499 2275; x_wconf 85' lang='lat'>3)</span> 
     </span>
     <span class='ocr_line' id='line_1_41' title="bbox 172 2279 1499 2320; baseline -0.002 -8"><span class='ocrx_word' id='word_1_219' title='bbox 172 2283 253 2320; x_wconf 86' lang='lat'>1036</span> <span class='ocrx_word' id='word_1_220' title='bbox 269 2287 325 2312; x_wconf 86' lang='lat' dir='ltr'>aut</span> <span class='ocrx_word' id='word_1_221' title='bbox 337 2281 441 2320; x_wconf 83' lang='lat' dir='ltr'>fugiat</span> <span class='ocrx_word' id='word_1_222' title='bbox 454 2280 520 2312; x_wconf 78' lang='lat' dir='ltr'>cod.</span> <span class='ocrx_word' id='word_1_223' title='bbox 615 2291 693 2320; x_wconf 81' lang='grc'>1041</span> <span class='ocrx_word' id='word_1_224' title='bbox 713 2285 746 2311; x_wconf 88' lang='lat' dir='ltr'>te</span> <span class='ocrx_word' id='word_1_225' title='bbox 762 2291 849 2311; x_wconf 85' lang='lat' dir='ltr'>nunc</span> <span class='ocrx_word' id='word_1_226' title='bbox 863 2280 1076 2310; x_wconf 74' lang='lat' dir='ltr'>Camerarius</span> <span class='ocrx_word' id='word_1_227' title='bbox 1091 2291 1098 2309; x_wconf 89' lang='lat'>:</span> <span class='ocrx_word' id='word_1_228' title='bbox 1116 2279 1239 2309; x_wconf 85' lang='lat' dir='ltr'>lenunc</span> <span class='ocrx_word' id='word_1_229' title='bbox 1250 2279 1315 2309; x_wconf 83' lang='lat' dir='ltr'>cod.</span> <span class='ocrx_word' id='word_1_230' title='bbox 1331 2301 1341 2319; x_wconf 25' lang='grc' dir='ltr'>,Χ</span> <span class='ocrx_word' id='word_1_231' title='bbox 1350 2279 1373 2309; x_wconf 79' lang='lat'>1.</span> <span class='ocrx_word' id='word_1_232' title='bbox 1381 2285 1444 2320; x_wconf 77' lang='lat' dir='ltr'>pro</span> <span class='ocrx_word' id='word_1_233' title='bbox 1456 2280 1499 2317; x_wconf 91' lang='lat' dir='ltr'>T)</span> 
     </span>
    </p>
   </div>
   <div class='ocr_carea' id='block_1_13' title="bbox 167 2324 1500 2408">
    <p class='ocr_par' dir='ltr' id='par_1_33' title="bbox 167 2324 1500 2408">
     <span class='ocr_line' id='line_1_42' title="bbox 172 2324 1499 2364; baseline -0.001 -9"><span class='ocrx_word' id='word_1_234' title='bbox 172 2335 253 2364; x_wconf 88' lang='lat'>1042</span> <span class='ocrx_word' id='word_1_235' title='bbox 277 2325 402 2355; x_wconf 87' lang='lat' dir='ltr'>ducere</span> <span class='ocrx_word' id='word_1_236' title='bbox 423 2324 565 2364; x_wconf 76' lang='lat' dir='ltr'>Ussing:</span> <span class='ocrx_word' id='word_1_237' title='bbox 591 2325 677 2355; x_wconf 85' lang='lat' dir='ltr'>duco</span> <span class='ocrx_word' id='word_1_238' title='bbox 695 2329 728 2355; x_wconf 87' lang='lat' dir='ltr'>te</span> <span class='ocrx_word' id='word_1_239' title='bbox 746 2324 811 2354; x_wconf 76' lang='lat' dir='ltr'><em>cod.</em></span> <span class='ocrx_word' id='word_1_240' title='bbox 829 2325 863 2363; x_wconf 50' lang='lat' dir='ltr'>ti.</span> <span class='ocrx_word' id='word_1_241' title='bbox 877 2325 935 2364; x_wconf 48' lang='lat'>9²*</span> <span class='ocrx_word' id='word_1_242' title='bbox 1030 2334 1111 2362; x_wconf 88' lang='grc'>1044</span> <span class='ocrx_word' id='word_1_243' title='bbox 1136 2324 1186 2353; x_wconf 74' lang='lat' dir='ltr'>vc!</span> <span class='ocrx_word' id='word_1_244' title='bbox 1201 2324 1362 2353; x_wconf 80' lang='lat' dir='ltr'>desedisti</span> <span class='ocrx_word' id='word_1_245' title='bbox 1378 2325 1387 2354; x_wconf 65' lang='grc' dir='ltr'><em>ἲ</em></span> <span class='ocrx_word' id='word_1_246' title='bbox 1401 2334 1499 2363; x_wconf 82' lang='lat' dir='ltr'>quam</span> 
     </span>
     <span class='ocr_line' id='line_1_43' title="bbox 167 2367 1500 2408; baseline -0.001 -10"><span class='ocrx_word' id='word_1_247' title='bbox 167 2369 224 2400; x_wconf 88' lang='lat' dir='ltr'>diu</span> <span class='ocrx_word' id='word_1_248' title='bbox 320 2379 398 2408; x_wconf 74' lang='lat'>¹047</span> <span class='ocrx_word' id='word_1_249' title='bbox 425 2369 652 2408; x_wconf 81' lang='lat' dir='ltr'>percunctetis</span> <span class='ocrx_word' id='word_1_250' title='bbox 678 2367 739 2398; x_wconf 72' lang='lat' dir='ltr'>cod.</span> <span class='ocrx_word' id='word_1_251' title='bbox 881 2368 962 2406; x_wconf 88' lang='lat'>1048</span> <span class='ocrx_word' id='word_1_252' title='bbox 987 2367 1102 2397; x_wconf 72' lang='lat' dir='ltr'>accedit</span> <span class='ocrx_word' id='word_1_253' title='bbox 1121 2367 1153 2396; x_wconf 83' lang='lat' dir='ltr'><em>A</em></span> <span class='ocrx_word' id='word_1_254' title='bbox 1247 2368 1278 2397; x_wconf 80' lang='lat' dir='ltr'>hi</span> <span class='ocrx_word' id='word_1_255' title='bbox 1302 2367 1500 2397; x_wconf 80' lang='lat' dir='ltr'>cometimur</span> 
     </span>
    </p>
   </div>
   <div class='ocr_carea' id='block_1_14' title="bbox 169 2410 1496 2529">
    <p class='ocr_par' dir='ltr' id='par_1_34' title="bbox 169 2410 1496 2529">
     <span class='ocr_line' id='line_1_44' title="bbox 169 2410 1496 2452; baseline -0.001 -11"><span class='ocrx_word' id='word_1_256' title='bbox 169 2414 221 2442; x_wconf 77' lang='lat' dir='ltr'>(ut</span> <span class='ocrx_word' id='word_1_257' title='bbox 235 2412 314 2451; x_wconf 79' lang='lat' dir='ltr'>vid.)</span> <span class='ocrx_word' id='word_1_258' title='bbox 338 2412 368 2442; x_wconf 87' lang='lat' dir='ltr'><em>T</em></span> <span class='ocrx_word' id='word_1_259' title='bbox 381 2415 457 2452; x_wconf 78' lang='lat' dir='ltr'>(pro</span> <span class='ocrx_word' id='word_1_260' title='bbox 473 2412 587 2450; x_wconf 77' lang='lat' dir='ltr'>hicm-,</span> <span class='ocrx_word' id='word_1_261' title='bbox 607 2412 627 2442; x_wconf 82' lang='lat' dir='ltr'>i.</span> <span class='ocrx_word' id='word_1_262' title='bbox 643 2422 666 2442; x_wconf 87' lang='lat' dir='ltr'>e.</span> <span class='ocrx_word' id='word_1_263' title='bbox 687 2412 766 2441; x_wconf 84' lang='lat' dir='ltr'>hinc</span> <span class='ocrx_word' id='word_1_264' title='bbox 784 2411 841 2450; x_wconf 80' lang='lat' dir='ltr'>m.)</span> <span class='ocrx_word' id='word_1_265' title='bbox 859 2422 864 2440; x_wconf 90' lang='lat'>:</span> <span class='ocrx_word' id='word_1_266' title='bbox 891 2412 934 2441; x_wconf 82' lang='lat' dir='ltr'>liii</span> <span class='ocrx_word' id='word_1_267' title='bbox 955 2421 996 2441; x_wconf 85' lang='lat' dir='ltr'>m.</span> <span class='ocrx_word' id='word_1_268' title='bbox 1018 2411 1070 2440; x_wconf 84' lang='lat' dir='ltr'>B:</span> <span class='ocrx_word' id='word_1_269' title='bbox 1096 2411 1148 2441; x_wconf 87' lang='lat' dir='ltr'>hic</span> <span class='ocrx_word' id='word_1_270' title='bbox 1166 2421 1208 2442; x_wconf 87' lang='lat' dir='ltr'>m.</span> <span class='ocrx_word' id='word_1_271' title='bbox 1225 2410 1298 2440; x_wconf 62' lang='lat' dir='ltr'>PU&gt;</span> <span class='ocrx_word' id='word_1_272' title='bbox 1407 2422 1496 2450; x_wconf 72' lang='lat'>1049,</span> 
     </span>
     <span class='ocr_line' id='line_1_45' title="bbox 171 2454 1410 2529; baseline -0.001 -43"><span class='ocrx_word' id='word_1_273' title='bbox 171 2465 254 2495; x_wconf 89' lang='lat'>1050</span> <span class='ocrx_word' id='word_1_274' title='bbox 278 2467 389 2495; x_wconf 86' lang='lat' dir='ltr'>nequa</span> <span class='ocrx_word' id='word_1_275' title='bbox 405 2455 492 2486; x_wconf 84' lang='lat' dir='ltr'><em>codd.</em></span> <span class='ocrx_word' id='word_1_276' title='bbox 587 2455 688 2485; x_wconf 86' lang='lat' dir='ltr'>homo</span> <span class='ocrx_word' id='word_1_277' title='bbox 706 2457 786 2495; x_wconf 79' lang='lat' dir='ltr'>(om.</span> <span class='ocrx_word' id='word_1_278' title='bbox 806 2456 859 2495; x_wconf 85' lang='lat' dir='ltr'>es)</span> <span class='ocrx_word' id='word_1_279' title='bbox 877 2455 909 2484; x_wconf 88' lang='lat' dir='ltr'><em>A</em></span> <span class='ocrx_word' id='word_1_280' title='bbox 1050 2464 1127 2493; x_wconf 86' lang='lat'>1051</span> <span class='ocrx_word' id='word_1_281' title='bbox 1155 2454 1313 2494; x_wconf 81' lang='lat' dir='ltr'>triumphi</span> <span class='ocrx_word' id='word_1_282' title='bbox 1331 2455 1410 2529; x_wconf 38' lang='lat'>‘5³0‘</span> 
     </span>
    </p>
   </div>
  </div>
 </body>
</html>
