1747 2740
76 599 145 642 830

79 1315 148 1359 840

667 88 988 127 PSEVDOLVS
1415 85 1493 124 III.
1511 85 1541 123 ii

271 202 546 242 formidolosas
567 200 686 247 dictu,
711 214 791 239 non
813 213 901 239 essu
924 201 1056 239 modo.

272 282 369 318 quas
391 268 531 307 herbas
553 267 727 317 pecudes
748 280 828 305 non
851 267 975 305 edunt
996 265 1178 304 homines
1198 266 1332 304 edunt.

273 336 346 372 BA.
376 333 472 384 quid
493 334 565 371 tu?
594 331 741 371 diuinis
761 331 1027 370 condimentis
1050 339 1169 378 utere,

272 398 338 448 qui
359 411 567 449 prorogare
588 397 710 436 uitam
733 396 859 447 possis
881 396 1120 442 hominibus,

272 463 339 513 qui
361 477 406 501 ea
426 465 561 513 culpes
583 461 870 500 condimenta?
926 463 999 500 Co.
1032 463 1218 500 audacter
1239 459 1362 499 dicito
1375 473 1387 507 3

271 542 363 567 nam
385 529 448 567 uel
469 529 647 566 ducenos
668 540 794 565 annos
816 534 1001 576 poterunt
1022 526 1158 565 uiuere

272 607 380 631 meas
401 593 468 643 qui
490 592 709 631 essitabunt
731 605 840 630 escas
861 605 959 642 quas
981 591 1208 630 condiuero.

272 672 365 696 nam
387 671 460 708 ego
480 658 752 696 cocilendrum
775 658 937 707 quando
958 657 998 694 in
1019 656 1173 707 patinas
1194 655 1319 694 indidi

272 731 339 762 aut
359 724 643 773 cepolendrum
663 729 731 760 aut
752 722 972 761 maccidem
993 729 1060 760 aut
1081 721 1363 771 saucaptidem,

272 801 438 838 eaepsae
458 801 499 826 se
520 787 678 838 patinae
698 786 958 826 feruefaciunt
979 787 1079 826 ilico.

273 855 372 892 haec
391 855 443 892 ad
465 853 644 904 Neptuni
665 854 840 903 pecudes
861 852 1118 891 condimenta
1139 859 1252 891 sunt:

273 918 462 957 terrestris
483 919 657 969 pecudes
679 917 922 956 cicimandro
944 917 1091 956 condio
1111 925 1178 955 aut

273 983 532 1035 hapalopside
552 991 620 1022 aut
640 982 878 1022 cataractria.
940 984 1010 1020 BA.
1043 990 1082 1020 at
1103 990 1141 1020 te
1162 981 1341 1032 Iuppiter

273 1050 395 1100 dique
415 1062 554 1088 omnes
575 1050 742 1098 perdant
763 1061 854 1086 cum
875 1047 1142 1086 condimentis
1162 1047 1239 1085 tuis

273 1129 446 1165 cumque
466 1114 542 1153 tuis
563 1113 646 1152 istis
667 1113 853 1152 omnibus
875 1112 1092 1152 mendaciis
1110 1116 1116 1151 1

275 1182 348 1221 Co.
381 1181 465 1219 sine
485 1180 536 1218 sis
558 1179 666 1230 loqui
694 1193 767 1217 me.
829 1180 901 1217 ΒΑ.
932 1180 1094 1229 loquere
1121 1186 1241 1228 atque
1262 1179 1273 1215 i
1294 1177 1332 1215 in
1359 1178 1502 1215 malam
1526 1193 1565 1224 50

1333 1255 1502 1280 crucem.

276 1313 349 1352 Co.
382 1311 450 1350 ubi
471 1324 610 1350 omnes
631 1310 789 1361 patinae
810 1311 977 1356 feruont‚
1002 1309 1132 1348 omnis
1153 1308 1311 1359 aperio·

275 1377 307 1416 is
327 1379 427 1416 odos
447 1376 628 1416 demissis
649 1375 819 1426 pedibus
840 1375 880 1413 in
901 1377 1056 1414 caelum
1078 1376 1196 1413 uolat.

275 1456 367 1481 eum
389 1443 552 1480 odorem
574 1448 690 1479 cenat
712 1440 890 1491 Iuppiter
910 1440 1084 1479 cottidie.

277 1510 348 1546 BA.
381 1508 480 1546 odos
501 1505 682 1545 demissis
704 1505 904 1555 pedibus?
961 1506 1034 1545 Co.
1067 1505 1231 1555 peccaui
1252 1504 1434 1543 insciens.

277 1575 349 1611 ΒΑ.
381 1572 577 1622 quidum?
634 1571 706 1610 CO.
744 1570 945 1608 ‘demissis
967 1571 1172 1609 manibus'
1193 1570 1301 1608 uolui
1322 1569 1462 1608 dicere.
1524 1595 1564 1615 u„

277 1640 348 1676 BA.
381 1637 412 1675 si
434 1650 628 1686 nusquam
652 1635 682 1674 is
703 1644 875 1683 coctum,
898 1635 1089 1686 quidnam
1111 1644 1226 1674 cenat
1249 1634 1456 1685 Iuppiter?

276 1704 349 1742 CO.
383 1703 410 1741 it
432 1703 636 1740 incenatus
657 1701 847 1740 cubitum.
909 1703 979 1739 ΒΑ.
1013 1703 1024 1739 i
1045 1701 1084 1739 in
1107 1702 1251 1739 malam
1273 1713 1441 1738 crucem.

276 1768 439 1806 istacine
459 1781 597 1806 caussa
617 1766 688 1805 tibi
709 1766 829 1805 hodie
850 1780 1059 1805 nummum
1081 1767 1217 1805 dabo?

277 1834 349 1873 CO.
383 1835 505 1871 fateor
525 1832 711 1883 equidem
733 1846 818 1871 esse
840 1846 903 1870 me
925 1846 1097 1882 coquom
1119 1831 1377 1870 carissumum
1394 1845 1405 1879 3

277 1912 414 1937 uerum
437 1912 506 1948 pro
527 1897 652 1948 pretio
673 1897 774 1935 facio
795 1905 837 1935 ut
858 1910 977 1947 opera
997 1905 1182 1948 appareat

212 2004 276 2042 824
301 2001 554 2033 sormidulosam
572 2001 605 2031 A
696 2011 789 2031 esum
807 2000 840 2031 Ρ
992 2002 1057 2040 830
1079 2001 1153 2042 qui]
1172 2000 1247 2040 quis
1263 2000 1297 2031 P
1440 2000 1500 2038 831

170 2048 386 2079 cicilendrum
401 2045 434 2075 P
520 2046 584 2084 832
608 2045 812 2084 secaptidem
825 2044 858 2074 A
950 2045 1013 2084 833
1039 2055 1164 2084 eaepse
1179 2055 1215 2075 se
1228 2043 1260 2073 A
1273 2045 1348 2085 (pro
1359 2053 1504 2083 eaepsae

169 2094 270 2131 se?):
295 2101 355 2122 eae
381 2091 476 2129 ipsae
497 2099 574 2119 sese
593 2088 626 2118 P
650 2089 726 2130 (pro
749 2089 864 2127 eaeps'
883 2091 998 2121 sese&
1142 2090 1205 2127 835
1231 2088 1452 2118 ciomalindro
1470 2087 1503 2117 A

170 2141 226 2166 aut
250 2135 284 2165 in
308 2134 399 2164 initio
415 2144 444 2164 v.
464 2134 528 2171 836
544 2132 653 2163 codd:
678 2133 735 2163 del.
756 2132 892 2163 Gm'etns
984 2134 1049 2173 836
1069 2132 1309 2172 hapalosopide
1327 2131 1359 2160 A
1379 2132 1502 2170 &cop-⁸»

171 2180 234 2218 837
260 2188 361 2218 quom
380 2176 726 2217 P(antiquaforma)
846 2177 910 2215 838
936 2176 1008 2207 istis
1025 2188 1092 2207 om.
1116 2176 1148 2206 Ρ
1277 2176 1342 2213 839
1367 2175 1373 2203 i
1392 2185 1456 2204 om.
1475 2173 1508 2204 P

171 2224 231 2260 841
261 2223 350 2261 (item
368 2222 443 2260 843,
461 2221 540 2258 844)
560 2220 706 2250 dimissis
722 2219 795 2250 Ital.
910 2220 1068 2261 pedibus]
1089 2220 1245 2250 manibus
1260 2220 1292 2248 A
1316 2219 1405 2248 «item
1423 2219 1495 2256 843*

171 2266 286 2304 nolant
302 2265 334 2295 A
471 2265 534 2302 842
554 2267 629 2303 post
650 2264 712 2301 844
736 2264 865 2293 collocat
888 2264 1059 2294 Acz'dalt'us
1148 2274 1222 2294 eum
1253 2263 1351 2292 modo
1379 2272 1447 2291 rem
1475 2262 1508 2290 Ρ

171 2311 234 2348 844
259 2307 412 2349 quidum]
427 2308 560 2347 quidem
578 2308 670 2347 (2pro
680 2307 759 2346 quid
773 2307 852 2345 eso)
868 2307 928 2338 Co.
947 2309 1022 2347 quia
1036 2308 1161 2347 (quiam
1180 2307 1225 2348 B)
1242 2306 1276 2337 Ρ
1362 2305 1505 2344 pedibus

172 2353 205 2383 A
304 2354 367 2391 845
392 2353 419 2382 is
446 2351 550 2382 coctis
576 2350 609 2380 Ρ
633 2352 724 2390 (corr.
755 2350 821 2390 D‘2)
843 2362 848 2380 :
885 2356 1014 2383 coctum
1041 2353 1068 2382 is
1094 2352 1126 2382 A
1261 2351 1325 2389 848
1350 2359 1402 2379 me
1430 2355 1505 2390 rpro

177 2397 250 2429 *ned
266 2397 291 2437 Ζ)
310 2406 386 2427 esse
402 2395 435 2426 Ρ
