1747 2740
624 153 1038 195 TRVCVIJENTVS
1423 156 1481 196 IV
1514 157 1540 195 ii

69 277 135 316 735
157 266 302 306 litteras
323 266 494 307 didicisti
513 283 520 305 :
551 268 712 317 quando
733 266 818 313 scis,
843 265 926 305 sine
946 265 1043 304 alios
1065 266 1227 305 discere.
1512 283 1551 315 25

158 333 222 370 D1.
255 332 419 379 discant,
442 333 538 371 dum
560 331 655 370 mihi
676 333 887 370 adcentare
908 331 1033 378 liceat,
1057 333 1097 369 ni
1117 332 1263 370 oblitus
1285 333 1392 372 siem.

154 398 221 435 As.
254 397 350 447 quid
371 397 442 436 erit
462 397 611 436 interea
631 396 848 447 magistrae,
872 397 968 435 dum
992 403 1032 434 tu
1054 398 1406 437 commentabere?

154 463 236 500 uolt
253 460 443 515 [interim]
461 462 525 500 illa
539 461 675 501 itidem
694 461 965 500 commentari.
1033 463 1099 500 D1.
1124 462 1250 512 quid?
1307 465 1375 501 As.
1408 478 1490 502 rem

1058 526 1236 577 accipere
1258 527 1487 567 identidem.

154 594 219 631 D1.
252 593 345 633 dedi
365 593 551 644 equidem
574 593 717 632 hodie:
746 591 876 645 (iussi)
899 592 934 631 ei
964 591 1140 642 quinque
1171 593 1319 643 argenti
1350 594 1490 633 deferri

1350 673 1487 707 nunas,

65 738 132 772 740
150 732 349 774 praeterea
365 738 484 763 unam
502 724 541 763 in
558 731 808 774 opsonatum.
869 725 938 762 As.
962 723 1067 762 idem
1086 723 1185 762 istoc
1201 725 1376 763 delatum
1393 725 1486 764 scio.
1513 739 1554 770 30

149 789 200 828 de
234 803 282 828 eo
315 792 423 829 nunc
461 790 564 829 bene
599 797 689 829 sunt
720 797 789 828 tua
820 790 974 828 uirtute.
1036 791 1101 827 D1.
1135 789 1197 827 ei!
1237 803 1378 828 meane
1413 788 1489 843 [ut]

1241 854 1390 893 inimici
1412 855 1490 894 mei

148 920 254 959 bona
283 920 369 960 istic
398 921 596 960 caedent?
630 928 829 960 mortuom
856 921 988 959 hercle
1016 933 1079 959 me
1101 934 1219 971 quam
1242 928 1284 959 ut
1304 920 1345 959 id
1366 921 1490 971 patiar

1287 985 1486 1024 mauelim.

148 1052 218 1090 As.
265 1053 428 1091 stultu's.
504 1054 569 1090 Di.
626 1050 722 1102 quid
764 1052 852 1089 est?
900 1052 1007 1101 aperi
1053 1049 1181 1103 re<m>.
1253 1050 1350 1101 quid
1396 1051 1486 1099 iam,

630 1114 934 1168 <Astaphium>?
990 1117 1058 1153 As.
1093 1115 1186 1165 quia
1213 1117 1279 1166 pol
1301 1116 1487 1155 mauelim

148 1181 243 1220 mihi
263 1181 445 1222 inimicos
465 1181 644 1221 inuidere
664 1195 784 1232 quam
806 1182 899 1220 med
920 1180 1088 1219 inimicis
1111 1180 1208 1220 meis
1226 1196 1236 1229 ;

60 1259 123 1296 745
146 1261 238 1286 nam
259 1247 437 1287 inuidere
456 1247 521 1286 alii
542 1249 645 1287 bene
665 1260 764 1295 esse,
785 1246 856 1285 tibi
878 1248 981 1285 male
1001 1260 1098 1294 esse,
1122 1246 1277 1286 miseria
1304 1255 1372 1286 est.
1506 1266 1545 1299 35

145 1312 213 1363 qui
233 1313 413 1353 inuident
434 1322 550 1364 egent
568 1328 577 1361 3
607 1312 682 1362 illis¹
701 1312 846 1363 quibus
869 1311 1079 1360 inuidetur‚
1103 1312 1114 1349 i
1136 1326 1216 1351 rem
1239 1312 1399 1352 habent.

147 1379 212 1416 D1.
243 1392 325 1418 non
346 1379 436 1418 licet
456 1378 623 1418 dimidio
644 1377 785 1429 opsoni
808 1391 871 1416 me
892 1377 1123 1428 participem
1145 1378 1257 1416 fieri?

143 1444 211 1481 As.
244 1443 275 1482 si
296 1444 460 1483 uolebas
480 1443 712 1494 participari,
735 1444 906 1481 auferres
927 1442 1138 1482 dimidium
1160 1444 1338 1482 domum.

142 1508 233 1546 nam
250 1508 344 1548 item
361 1517 403 1547 ut
420 1508 662 1548 Accherunti
678 1507 742 1546 hic
754 1506 879 1560 <apud
896 1506 987 1560 nos)
999 1507 1097 1546 ratio
1113 1508 1266 1558 accepti
1283 1509 1480 1548 scribitur:

53 1582 122 1619 750
141 1573 242 1613 intro
262 1574 479 1625 accipimus
497 1589 508 1622 3
536 1574 699 1625 quando
720 1581 977 1623 acceptumst,
1001 1587 1082 1612 non
1103 1582 1234 1624 potest
1255 1574 1342 1613 ferri
1363 1576 1475 1614 foras.
1498 1590 1542 1623 40

183 1686 245 1716 735
279 1679 411 1710 discere
436 1678 536 1710 Ital.:
572 1679 682 1709 dicere
714 1677 780 1709 cod.
933 1680 997 1717 736
1031 1679 1214 1709 adcentare
1246 1679 1343 1709 liceat
1367 1680 1484 1718 scm'psz'

141 1721 189 1761 (v,
216 1732 247 1761 p.
279 1722 361 1761 81):
391 1722 695 1761 argentarilliceam
723 1722 780 1757 (-ri
816 1721 883 1752 illic
916 1732 990 1752 eam
1018 1722 1107 1759 PCD)
1135 1722 1223 1753 cod.:
1258 1725 1478 1754 commentari

138 1764 237 1795 liceat
259 1764 333 1796 Ital.
507 1777 567 1806 737
592 1767 648 1806 qui
673 1766 765 1797 dedit
852 1765 913 1796 AS.
941 1766 1070 1796 interea
1093 1767 1254 1805 magister
1276 1765 1342 1797 cod.
1364 1778 1370 1797 :
1394 1778 1473 1799 corr.

138 1807 312 1839 Buecheler
443 1811 505 1849 738
530 1810 664 1841 interim
686 1809 744 1840 del.
767 1809 868 1840 Bothe
884 1810 943 1849 (iv.
963 1812 1018 1850 32)
1112 1811 1236 1841 ididem
1253 1810 1317 1841 cod.
1395 1811 1475 1841 den-

138 1851 241 1883 tidem
265 1852 332 1883 cod.
471 1864 532 1893 739
556 1853 638 1885 iussi
664 1853 741 1885 add.
773 1853 960 1885 Saracenas
1108 1864 1171 1893 740
1195 1864 1295 1884 unam
1322 1854 1477 1886 Merula:

137 1906 238 1926 unum
256 1895 327 1926 cod.
418 1907 484 1928 una
509 1898 598 1929 mina
622 1899 692 1929 obs.
721 1899 786 1929 Leo
923 1908 980 1937 74¹
1008 1903 1088 1928 sunt
1109 1897 1375 1938 Br12t·‚Seyfflrt:
1402 1909 1475 1929 surn

135 1939 202 1971 cod.
281 1940 442 1971 uirtutem
459 1942 524 1973 ime
543 1952 595 1973 me
606 1942 676 1982 (me
694 1954 760 1973 om.
780 1941 870 1972 PCDW
890 1943 976 1973 utini
995 1942 1079 1973 emci
1098 1942 1164 1972 mei
1183 1941 1248 1973 cod.
1264 1953 1270 1972 :
1295 1952 1372 1972 corr.
1385 1941 1473 1979 Ital..

135 1983 229 2022 Brix,
249 1983 316 2014 Leo
448 1995 511 2024 742
536 1987 705 2017 comedint
733 1986 877 2027 Spengel
965 1991 999 2016 ut
1023 1986 1082 2017 del.
1108 1985 1183 2017 Ital.
1320 1995 1381 2024 743
1401 1990 1478 2026 post

137 2029 199 2066 746
225 2027 290 2059 cod.
311 2039 318 2058 ε
350 2028 414 2058 huc
436 2030 509 2061 Irni.
537 2028 636 2061 Weise
725 2030 874 2071 supplevi
902 2029 1091 2060 dubilauler
1120 2030 1181 2060 viii.
1215 2032 1248 2061 2³
1349 2031 1404 2060 vix
1420 2029 1470 2060 St.

135 2071 312 2110 tuquidem
344 2082 392 2102 es.
480 2073 534 2104 D1.
575 2074 668 2114 aperi
719 2075 770 2104 vel
795 2074 842 2104 St.
879 2075 1016 2113 quidem
1049 2084 1086 2104 cs
1117 2075 1266 2114 aperte.)
1413 2083 1475 2113 744

135 2115 291 2146 inimicus
309 2116 496 2147 inuiderern
508 2117 572 2147 cod.
590 2130 596 2148 :
617 2129 697 2148 corr.
709 2117 775 2148 Ital
878 2128 939 2157 745
963 2128 1073 2148 essem
1092 2119 1181 2148 seria
1200 2118 1281 2148 mesi
1301 2116 1365 2148 cod.
1382 2127 1474 2147 *esse

135 2159 260 2189 inser-ia
277 2160 359 2190 mesi
378 2159 467 2200 PCD)
487 2172 493 2191 :
517 2172 596 2192 corr.
621 2161 835 2192 Camerarius
1003 2164 1065 2200 746
1088 2163 1145 2201 qui
1170 2162 1244 2193 Ital.
1267 2174 1272 2192 :
1304 2162 1384 2200 quid
1406 2161 1471 2191 cod.

135 2213 197 2242 747
223 2203 266 2233 do
289 2203 357 2235 cod.
386 2209 462 2244 (pro
486 2205 541 2242 do,
567 2205 587 2235 i.
601 2216 624 2236 e.
655 2206 816 2237 dimidio?
839 2206 874 2246 cf
904 2206 1020 2236 Amer.
1044 2205 1168 2243 Journ.
1198 2205 1282 2236 Pln‘l.
1317 2215 1364 2243 17,
1392 2210 1471 2244 443)

135 2256 198 2285 749
222 2247 310 2278 idem
331 2247 396 2279 cod.
415 2259 420 2278 :
444 2258 524 2280 corr.
548 2247 785 2279 Rt'ttersleusius
891 2260 964 2280 narn
990 2249 1106 2280 itidem
1125 2250 1179 2280 hic
1198 2255 1232 2279 ut
1250 2249 1290 2281 A.
1314 2248 1474 2279 Gmlerus

132 2290 213 2330 (fit)
231 2291 284 2321 hic
303 2290 444 2321 Mueller
460 2292 592 2331 (Herm.
606 2303 660 2333 34,
680 2296 759 2333 332)
850 2295 939 2333 apud
959 2304 1020 2323 nos
1038 2292 1112 2325 add.
1125 2293 1252 2324 Scleoell
1339 2293 1470 2332 accepti

133 2333 226 2365 [καλε
250 2335 379 2375 accepii
395 2336 526 2375 (accepi
538 2336 627 2377 PCD)
642 2337 723 2368 cod.:
740 2337 821 2376 sort.
836 2338 966 2377 accepti
980 2335 1169 2380 (expensi)
1183 2337 1243 2376 (iii.
1263 2338 1314 2366 [ιδ
1409 2347 1472 2375 750

132 2379 316 2417 accipimus
347 2378 580 2411 Camerarius:
619 2380 822 2420 accipiamur
847 2380 910 2412 cod.
930 2393 935 2412 :
962 2381 1127 2420 accipitur
1152 2381 1296 2421 Speugcl
1383 2380 1470 2411 serre

131 2421 198 2453 cod.
218 2424 313 2463 (3pro
330 2423 409 2453 -reiw

176 2475 295 2497 PLAVT.
317 2477 341 2497 11
1339 2469 1379 2498 31
