1747 2740
632 133 679 170 T.
713 132 896 172 MACCI
929 134 1136 171 PLAVTI

172 258 197 279 11
217 242 444 282 Patibulum
466 244 562 282 ferat
583 257 652 294 per
672 244 822 291 urbem,
846 244 994 283 deinde
1014 246 1209 295 adfigatur
1229 245 1345 285 cruci.

155 325 195 346 111
216 339 223 346 .
247 339 254 346 .
279 309 509 347 Secundum
531 322 691 360 eampse
711 323 819 347 aram
840 323 979 347 aurum
1001 311 1249 361 apscondidi.

734 428 1044 468 †CESISTIO†

269 507 341 546 Dis
362 508 526 548 stribula
545 516 613 548 aut
634 510 684 548 de
705 510 844 548 lumbo
865 524 1039 561 opscena
1060 510 1222 550 uiscera.

790 629 980 668 COLAX

184 725 195 745 1
217 709 412 748 Batiolam
433 723 593 749 auream
615 719 707 750 octo
728 713 864 762 pondo
884 712 1099 760 habebam,
1119 711 1298 762 accipere
1319 711 1457 752 noluit.

169 787 195 809 11
215 774 296 824 Qui
317 776 410 814 data
430 777 509 815 fide
530 777 683 815 firmata
704 778 894 816 fidentem
917 778 1135 825 fefellerint,

214 841 374 880 subdoli
395 842 701 890 subsentatores,
725 843 804 893 regi
825 842 893 895 qui
915 851 1006 882 sunt
1028 844 1220 894 proxumi,

214 905 282 956 qui
303 906 414 945 aliter
433 906 513 957 regi
534 906 649 946 dictis
671 907 820 956 dicunt,
843 908 954 947 aliter
974 909 1014 947 in
1035 909 1170 948 animo
1196 908 1200 961 Ι
1228 909 1387 949 habent.

155 983 196 1005 111
215 971 255 1010 Si
277 985 340 1010 me
361 979 402 1010 tu
424 972 544 1011 hodie
565 972 793 1012 inuitaueris
815 987 1033 1025 numquam
1056 975 1271 1025 quicquam
1292 1007 1299 1014 .
1324 1007 1331 1014 .
1359 1007 1366 1014 .

157 1053 194 1075 ιν
487 1039 655 1077 Nexum.

646 1145 1113 1185 COMMORIENTES

266 1225 411 1265 Saliam
433 1225 472 1264 in
494 1233 659 1277 puteum
680 1226 893 1278 praecipes.

708 1347 1055 1386 CONDALIVM

182 1443 194 1464 1
212 1430 318 1468 Tum
339 1429 572 1480 crepusculo
593 1429 672 1467 fere
693 1436 736 1467 ut
756 1435 901 1467 amant.
961 1430 1165 1480 lampades
1185 1429 1402 1469 accendite.

168 1509 195 1531 11
594 1495 670 1532 Pro
687 1497 694 1532 l

719 1600 1054 1639 CORNICVLA

182 1698 194 1720 1
214 1684 323 1735 Quid
344 1697 544 1723 cessamus
565 1684 680 1722 ludos
702 1684 861 1722 facere?
890 1683 1016 1722 circus
1037 1690 1171 1722 noster
1190 1696 1284 1722 ecce
1304 1684 1416 1722 adest
1436 1687 1443 1722 1

255 1799 280 1819 11
305 1788 440 1819 Nonius
468 1799 527 1818 221
557 1788 760 1827 (patibulum
786 1799 886 1819 masc.
912 1788 1004 1828 gen.)
1169 1788 1339 1827 adfigatur
1362 1789 1415 1819 vir
1440 1788 1551 1819 doctus

211 1833 244 1864 in
267 1832 371 1864 Nonii
392 1832 441 1863 ed.
456 1832 654 1863 Bas-iliensis
686 1832 812 1871 adfigat
837 1831 924 1863 codd.
1077 1841 1119 1862 111
1144 1831 1336 1863 Priscianus
1356 1843 1383 1870 1,
1408 1835 1474 1871 516
1498 1833 1551 1874 (de

210 1877 466 1917 compositorum
498 1875 586 1907 verbi
611 1875 690 1906 ‘do'
725 1876 877 1916 perfectis)
970 1877 1076 1915 ipsam
1103 1875 1190 1907 codd.
1338 1876 1416 1907 CEs.
1445 1876 1550 1908 Varro

1521 1932 1530 1951 1

1464 1922 1550 1997 CSLS.

1447 2018 1472 2039 11
1497 2009 1549 2040 M.

210 1920 310 1961 Ling.
336 1919 412 1952 Lat.
441 1930 470 1959 7,
498 1921 538 1959 67
566 1920 722 1956 lstribula
745 1945 750 1950 .
771 1945 777 1951 .
800 1921 925 1950 circum
951 1920 1157 1951 coxendices
1180 1925 1259 1951 sunt
1282 1920 1395 1960 bovis)

209 1964 349 1995 stribula
360 1963 549 1994 Buecheler:
574 1965 751 1994 distribula
769 1964 835 1994 cod.
928 1968 985 1994 aut
1000 1963 1190 2005 Scioppius:
1217 1970 1252 1996 ut
1269 1964 1336 1996 cod.

210 2019 221 2038 1
245 2009 378 2038 Nonius
394 2017 458 2046 545
476 2008 632 2048 (batiola)
723 2007 887 2039 habebam
901 2007 1044 2038 Ritsclzl:
1071 2008 1215 2040 habebat
1232 2009 1320 2040 codd.

213 2051 337 2083 Cacsar
357 2051 403 2082 ad
423 2052 625 2082 Frontonem
643 2062 672 2091 2,
697 2062 746 2090 10,
770 2062 802 2092 p.
823 2062 865 2091 33
882 2052 966 2082 Nab.
1073 2062 1092 2091 3
1110 2053 1239 2083 animos
1257 2053 1340 2084 Ellis
1366 2055 1390 2094 (‘
1402 2052 1546 2084 Fronto·

210 2107 242 2136 p.
270 2098 327 2135 25)
475 2106 514 2126 111
540 2095 648 2127 Sslzol.
682 2095 796 2127 Veron.
831 2095 906 2135 Ρέηρ
939 2096 1026 2126 Am.
1055 2107 1085 2130 2,
1113 2099 1179 2135 670
1223 2107 1402 2137 numquam
1429 2097 1546 2131 hodie]

198 2140 280 2179 fort.
301 2139 539 2181 (numquam),
558 2151 738 2180 numquam
832 2149 867 2170 n·
889 2139 995 2170 Varro
1013 2140 1109 2180 Ling.
1144 2139 1218 2172 Lat.
1249 2152 1277 2180 7.
1305 2151 1364 2180 105
1390 2141 1547 2181 (nexum)

210 2183 410 2214 Plautinum
428 2194 472 2213 an
490 2183 701 2214 Naevianum
718 2185 876 2214 inem-lum
956 2184 1072 2215 COMM.
1092 2184 1284 2215 Pm'scr'anns
1304 2196 1330 2219 Ι,
1354 2186 1417 2216 280
1434 2186 1547 2225 (prae-

210 2228 318 2267 cipes)
476 2228 588 2259 Com).
608 2238 617 2258 1
640 2227 746 2259 Varro
769 2229 867 2268 Ling.
895 2226 972 2260 Lat.
1001 2238 1029 2267 7.
1054 2239 1093 2268 77
1122 2229 1381 2268 (crepusculum,
1409 2229 1547 2260 dubium

209 2277 345 2311 tempus
358 2272 467 2302 noctis
478 2282 520 2302 an
535 2272 602 2302 diei
616 2273 674 2313 sit)
765 2272 815 2303 vel
844 2272 935 2302 ferae
1020 2282 1044 2302 11
1069 2273 1188 2303 Festus
1203 2283 1268 2312 229
1284 2273 1364 2312 (pro
1379 2273 1543 2303 inten'cctst

209 2315 268 2345 sed
286 2315 359 2346 vide
377 2316 492 2347 Herm.
511 2327 563 2354 40,
583 2326 646 2355 247
738 2315 850 2347 CORN.
880 2324 890 2345 1
911 2314 1017 2346 Varro
1033 2315 1132 2356 Ling.
1147 2314 1219 2348 Lat,
1234 2327 1264 2356 5,
1286 2325 1342 2354 [53
1360 2317 1493 2355 (circus,
1511 2317 1545 2346 in

211 2359 314 2390 Corn.
334 2360 448 2391 militis
465 2361 626 2400 aduentu,
646 2370 746 2400 quem
765 2361 974 2391 circumeunt
998 2359 1171 2400 ludentes)
1263 2370 1377 2391 eccum
1404 2360 1544 2401 Langen

213 2404 234 2444 (⁴
249 2403 422 2444 Beitrti'gess
442 2414 472 2443 p.
493 2405 529 2444 4)

1580 520 1625 557 50

1578 986 1619 1024 55

1572 1689 1619 1724 60
