1747 2740
179 135 284 173 11.st
675 134 721 171 T.
756 133 937 172 MACCI
969 133 1176 171 PLAVTI

208 289 237 326 ii
601 293 817 329 PH1LT0
928 291 1243 328 LYSITELES

258 376 330 412 PH.
365 376 458 424 Quo
488 373 565 412 illie
591 374 712 411 homo
740 374 841 412 foras
869 387 910 412 se
935 372 1157 423 penetrauit
1187 386 1233 410 ex
1262 371 1461 411 aedibus?
1519 373 1588 411 Lv.

930 446 1049 488 pater,
1072 439 1225 485 adsum,
1250 438 1398 489 impera
1418 437 1589 488 quiduis,

255 518 385 555 neque
420 504 489 542 tibi
524 518 590 543 ero
621 504 659 542 in
689 517 798 542 mora
830 517 960 554 neque
988 503 1183 542 latebrose
1214 518 1277 542 me
1303 518 1374 555 aps
1401 511 1471 543 tuo
1499 518 1591 543 con·
1611 513 1724 555 277-8

1208 577 1346 620 spectu
1367 570 1587 610 occultabo.

471 637 545 674 PH.
578 634 714 674 feceris
736 648 805 685 par
824 635 901 673 tuis
921 635 1060 673 ceteris
1081 634 1205 682 factis,

362 708 511 752 patrem
534 708 645 739 tuom
667 700 697 738 si
719 701 896 750 percoles
917 713 986 750 per
1009 700 1207 750 pietatem.
1610 710 1678 743 280

214 780 232 813 5
420 768 514 805 nolo
535 779 608 817 ego
628 779 719 805 cum
742 765 918 815 inprobis
939 773 976 804 te
998 766 1100 813 uiris,
1123 773 1240 816 gnate
1260 765 1326 814 mi,

309 846 439 884 neque
460 833 499 871 in
521 832 585 871 uia
606 845 735 882 neque
756 832 795 870 in
817 833 902 870 foro
923 834 1124 871 necullum
1145 846 1369 871 sermonem
1390 832 1563 884 exsequi.

418 897 512 937 noui
534 911 608 948 ego
628 899 705 936 hoe
727 899 929 936 saeculum
951 897 1127 936 moribus
1149 897 1284 948 quibu'
1306 898 1402 937 siet:

364 965 489 1002 malus
510 963 662 1002 bonum
685 964 833 1001 malum
855 976 941 1001 esse
962 964 1056 1009 uolt,
1079 970 1122 1001 ut
1143 962 1191 1001 sit
1212 962 1271 1001 sui
1292 963 1430 1002 similis
1447 978 1457 1012 ;

310 1030 481 1076 turbant,
506 1029 671 1067 miscent
694 1042 823 1067 mores
847 1028 939 1066 mali
960 1043 966 1066 :
996 1042 1125 1079 rapax,
1147 1042 1300 1076 auarus,
1324 1029 1484 1068 inuidus
1612 1035 1678 1080 285

199 1112 238 1135 10
312 1108 464 1134 sacrum
483 1095 705 1144 profanum,
722 1093 927 1144 publicum
943 1093 1141 1144 priuatum
1158 1095 1317 1141 habent,
1336 1094 1467 1133 hiulca
1482 1108 1589 1146 gens.

257 1161 354 1198 haec
384 1173 458 1209 ego
488 1160 617 1206 doleo,
641 1161 739 1198 haec
770 1166 861 1197 sunt
891 1172 994 1209 quae
1024 1172 1087 1197 me
1117 1159 1357 1207 excruciant,
1380 1161 1479 1199 haec
1507 1160 1592 1199 dies

864 1221 1122 1277 noctes[que]
1144 1232 1261 1263 canto
1282 1225 1352 1263 tibi
1374 1233 1416 1264 ut
1437 1239 1588 1265 caueaS.

257 1291 366 1341 quod
401 1303 520 1328 manu
555 1303 635 1328 non
671 1296 822 1340 queunt
856 1296 1015 1339 tangere
1049 1296 1202 1328 tantum
1238 1291 1294 1327 fas
1329 1290 1476 1329 habent
1510 1304 1591 1341 quo

1195 1369 1334 1395 manus
1354 1357 1588 1407 apstineant,

256 1430 410 1461 cetera:
451 1436 553 1473 rape,
581 1423 700 1469 trahe,
734 1423 834 1472 suge,
863 1423 1190 1460 late—lacrumas
1215 1423 1313 1461 haec
1342 1422 1437 1460 mihi
1466 1436 1588 1473 quom
1609 1428 1744 1472 289-90

1282 1487 1401 1526 uideo
1417 1487 1589 1534 eliciunt,

257 1553 349 1604 quia
371 1567 443 1604 ego
464 1555 515 1592 ad
536 1554 613 1591 hoc
634 1566 757 1603 genus
779 1552 987 1590 hominum
1011 1552 1162 1591 duraui.
1223 1552 1319 1603 quin
1340 1552 1437 1603 priu'
1458 1566 1522 1592 me
1539 1555 1591 1611 ,ad

1220 1618 1339 1668 pluris
1360 1619 1561 1669 penetraui
1575 1621 1593 1658 ?

198 1698 236 1729 15
259 1699 349 1723 nam
373 1685 411 1723 hi
434 1698 562 1723 mores
585 1684 777 1723 maiorum
804 1685 977 1731 laudant,
1001 1685 1163 1723 eosdem
1192 1684 1349 1722 lutitant
1370 1697 1470 1735 quos
1500 1698 1591 1724 con-

1415 1751 1587 1790 laudant.

257 1816 364 1855 hisce
385 1829 457 1867 ego
478 1817 528 1855 de
550 1816 690 1854 artibu'
711 1815 873 1865 gratiam
903 1815 1015 1863 facio,
1040 1813 1152 1868 ne[u]
1174 1816 1281 1854 colas
1308 1829 1411 1854 neue
1435 1816 1590 1855 imbuas
1611 1826 1725 1861 293-4

1372 1880 1585 1932 ingenium.

258 1961 347 1986 meo
364 1948 484 1986 modo
501 1954 538 1986 et
557 1947 722 1986 moribu'
739 1947 863 1985 uiuito
879 1947 1062 1998 antiquis,
1080 1960 1182 1998 quae
1198 1960 1271 1998 ego
1287 1947 1357 1986 tibi
1374 1947 1584 1998 praecipio,
1607 1951 1722 1997 295-6

1390 2027 1436 2052 ea
1456 2014 1584 2052 facito.

300 2121 364 2158 276
383 2129 425 2148 ex
442 2129 507 2151 om.
521 2119 607 2151 codd.
622 2119 726 2150 Nonii
737 2129 812 2158 374.
828 2118 913 2149 unde
921 2120 966 2159 fi!
981 2124 1149 2160 anapaest,
1161 2124 1303 2152 octonar.
1329 2120 1354 2159 <³
1368 2120 1472 2150 a'tatio
1485 2118 1587 2160 negle-

252 2165 350 2203 gens)
425 2165 515 2202 quod
533 2165 584 2194 uis
602 2163 633 2193 P
728 2163 835 2202 277—8
859 2170 1061 2203 conspectus
1076 2163 1109 2194 P
1204 2175 1277 2204 279,
1299 2165 1363 2195 280
1385 2164 1537 2204 mniung.
1554 2163 1587 2193 A

257 2208 322 2237 280
348 2211 506 2246 pietatem
526 2212 712 2247 suspectum
815 2208 877 2236 282
904 2217 1012 2246 neque
1031 2207 1132 2238 ullum
1145 2207 1177 2237 A
1192 2210 1216 2239 t?
1231 2209 1283 2238 ule.
1298 2206 1587 2247 neque-ullum*¹:

258 2251 361 2281 ullum
377 2251 408 2282 P
495 2252 558 2289 283
579 2251 658 2291 siet]
674 2255 708 2281 et
724 2250 754 2279 A
845 2251 908 2280 286
928 2251 1041 2282 hiutca
1057 2251 1089 2281 A
1179 2253 1241 2291 287
1262 2262 1349 2291 quae
1363 2250 1430 2281 mei
1446 2261 1545 2290 quem
1561 2249 1593 2280 Ρ

257 2305 324 2333 que
341 2305 408 2325 om.
430 2294 462 2324 A
610 2305 674 2333 292
700 2294 833 2324 lutitant
852 2294 996 2324 Ritscld:
1023 2295 1158 2326 latitant
1175 2295 1263 2326 codd.
1416 2305 1520 2334 293-4
1547 2295 1589 2325 de

258 2338 380 2368 Bothe:
406 2343 438 2368 te
456 2338 543 2369 codd.
653 2348 693 2368 nc
712 2337 890 2368 Hermann
910 2338 959 2376 (cf
980 2338 1027 2368 ad
1045 2340 1119 2379 183}
1271 2340 1378 2379 295-6
1402 2339 1589 2380 praecipito

258 2387 290 2414 et
313 2383 332 2413 f.
354 2381 386 2413 F
