1747 2740
604 119 1009 158 MOSTELLARIA
1409 123 1477 160 IV.
1499 123 1529 159 ii

145 231 225 269 ΤΗ.
257 230 356 269 heus
390 243 473 277 uos,
506 229 627 280 pueri,
659 229 756 280 quid
790 228 877 268 istic
907 229 1048 280 agitis?
1104 229 1201 280 quid
1241 230 1332 269 istas
1369 231 1479 271 aedis

1275 297 1480 347 frangitis?

54 370 125 405 940
144 363 203 398 P1.
237 361 336 399 heus
356 374 484 408 senex,
504 360 601 411 quid
618 368 659 398 tu
681 367 913 410 percontare
932 360 983 398 ad
1004 367 1042 398 te
1063 361 1172 410 quod
1193 360 1290 399 nihil
1311 361 1479 401 attinet?

141 428 221 465 ΤΗ.
253 426 352 464 nihil
382 427 434 466 ad
464 440 528 465 me
551 425 720 464 attinet?
778 427 836 463 P1.
869 425 944 463 nisi
973 427 1072 464 forte
1096 427 1232 465 factu’s
1259 428 1478 477 praefectus

1336 507 1474 541 nouo&

139 557 207 607 qui
228 571 288 596 res
308 557 456 596 alienas
477 571 676 608 procures„
695 569 873 609 quaeras,
896 557 1045 605 uideas,
1067 557 1216 596 audias.
1495 571 1538 603 30

139 624 218 661 ΤΗ.
255 637 337 661 non
377 631 468 661 sunt
506 623 602 662 istae
635 624 755 662 aedes
789 622 858 662 ubi
891 622 1009 661 statis.
1072 625 1130 661 P1.
1164 623 1260 673 quid
1298 624 1386 662 ais?
1424 638 1475 662 an

1197 688 1274 726 iam
1296 689 1477 728 uendidit

138 753 247 792 aedis
269 754 548 793 Philolaches?
578 761 646 792 aut
666 754 829 804 quidem
851 754 924 793 iste
944 768 1017 793 nos
1039 755 1296 793 defrustratur
1317 768 1446 793 senex.

50 832 116 868 945
138 820 218 857 TH.
253 833 346 858 uera
376 819 477 858 dico.
549 821 620 858 sed
654 819 751 870 quid
789 819 905 858 uobis
944 827 1002 858 est
1041 819 1174 869 negoti
1209 819 1303 858 hic?
1370 822 1473 859 ΡΗΑ.

1300 886 1473 936 eloquar.

137 963 224 988 erus
254 949 318 988 hic
345 958 478 989 noster
501 958 621 1001 potat.
682 952 761 988 ΤΗ.
794 964 882 989 erus
913 950 978 989 hic
1008 958 1141 989 uoster
1168 952 1311 1001 potat?
1368 953 1471 990 ΡΗΑ.

1246 1015 1299 1054 ita
1319 1018 1470 1066 loquor.

135 1081 214 1118 ΤΗ.
247 1094 377 1130 puere,
401 1080 568 1118 nimium
590 1081 804 1120 delicatu'S.
863 1083 921 1118 ΡΙ.
955 1080 989 1119 ei
1011 1082 1226 1119 aduorsurn
1247 1080 1440 1120 uenimus.
1494 1095 1532 1126 35

135 1145 214 1182 ΤΗ.
259 1147 354 1195 quoi
393 1145 574 1184 homini?
650 1148 708 1184 ΡΙ.
755 1160 822 1185 ero
862 1155 1008 1185 nostro.
1087 1160 1247 1197 quaeso,
1289 1147 1474 1197 quotiens

1097 1211 1351 1251 dicendumst
1373 1212 1474 1251 tibi?

133 1277 214 1315 ΤΗ.
246 1290 379 1327 puere,
399 1291 519 1316 nemo
539 1276 604 1316 hic
624 1277 786 1316 habitat.
847 1291 938 1316 nam
960 1286 998 1317 te
1019 1292 1104 1317 esse
1120 1278 1285 1317 arbitror
1305 1292 1469 1329 puerum

1286 1345 1466 1394 probum.

45 1419 115 1456 950
135 1409 236 1446 ΡΗΑ.
282 1422 363 1447 non
406 1407 471 1447 hic
515 1408 764 1448 Philolaches
804 1411 1039 1448 adulescens
1083 1410 1234 1449 habitat
1276 1410 1384 1449 hisce
1429 1411 1469 1449 in

1272 1476 1439 1515 aedibus
1453 1477 1470 1515 ?

132 1540 210 1577 ΤΗ.
243 1537 447 1586 habitauit,
470 1552 609 1577 uerum
630 1539 835 1589 emigrauit
856 1539 934 1578 iarn
955 1540 1023 1579 diu
1045 1554 1091 1579 ex
1113 1540 1221 1579 hisce
1241 1541 1418 1580 aedibus

132 1606 234 1642 ΡΗΑ.
258 1617 377 1643 senex
397 1604 461 1642 hic
482 1605 743 1643 elleborosust
764 1614 879 1644 certe.
941 1606 1042 1644 e'rras
1063 1620 1260 1656 peruorse,
1284 1614 1404 1657 pater.
1487 1624 1530 1655 40

130 1683 222 1707 nam
244 1669 317 1707 nisi
338 1669 430 1707 hinc
451 1670 572 1708 hodie
592 1670 797 1720 emigrauit
817 1679 883 1709 aut
905 1671 998 1720 heri,
1021 1680 1128 1710 certo
1150 1672 1231 1711 scio

130 1734 195 1773 hic
225 1734 411 1773 habitare.
473 1736 552 1773 ΤΗ.
586 1735 681 1785 quin
709 1749 775 1774 sex
800 1750 956 1776 menses
976 1736 1055 1775 iam
1076 1737 1140 1776 hic
1161 1751 1280 1777 nemo
1301 1737 1462 1777 habitat.

1185 1805 1243 1841 ΡΙ.
1277 1804 1460 1843 somnias.

42 1873 108 1909 955
130 1867 208 1904 ΤΗ.
243 1868 398 1916 egone?
455 1868 512 1905 ΡΙ.
546 1874 597 1905 tu.
658 1869 736 1906 TH.
770 1875 811 1906 tu
833 1882 882 1907 ne
910 1870 1120 1908 molestu's.
1182 1869 1265 1908 sine
1287 1883 1350 1908 me
1371 1883 1461 1908 cum

1196 1948 1317 1984 puero
1339 1935 1458 1984 loqui.

128 2010 246 2036 nemo
268 1997 428 2035 habitat.
493 1998 592 2036 ΡΗΑ.
623 1998 774 2037 habitat
802 2000 991 2049 profecto,
1022 1999 1111 2037 nc'un
1135 1999 1216 2038 heri
1248 2008 1285 2038 ct
1317 2000 1461 2038 nudius

1313 2065 1458 2113 tertius,

170 2178 278 2207 940-5
303 2179 368 2198 0111.
390 2167 422 2196 P
531 2179 596 2208 940
619 2179 705 2208 quae
725 2179 754 2199 n.
776 2169 922 2199 attinent
943 2169 1054 2208 (fliam
1075 2179 1136 2208 941
1157 2169 1318 2201 attinentl
1336 2167 1464 2199 Sclzoaell

129 2212 183 2253 (ex
198 2212 247 2247 A)
338 2222 401 2251 943
426 2211 560 2242 vt'xnon
577 2213 644 2252 (Le.
666 2213 792 2244 nonnel
812 2223 837 2244 s.
856 2212 995 2255 <mc-ac)
1014 2214 1031 2243 i.
1049 2225 1054 2243 ε
1081 2223 1177 2243 meae
1203 2218 1281 2242 sunt
1299 2215 1316 2243 i.
1334 2212 1460 2243 Schoell

128 2255 176 2295 (A
194 2255 392 2296 v12tlegis1n·)
483 2266 547 2295 944
570 2257 649 2295 quid
668 2256 793 2287 Schoell
879 2268 942 2296 947
971 2256 1188 2297 [aldelicatus
1201 2256 1252 2286 P:
1277 2256 1455 2287 delicatum

125 2299 158 2330 A
273 2301 323 2331 vel
338 2299 424 2330 ΡΗΑ.
565 2301 629 2339 948
652 2301 702 2330 vel
715 2301 803 2340 quoii
910 2312 976 2339 949
1002 2300 1054 2330 hic
1073 2311 1171 2331 nenio
1189 2300 1222 2330 P
1322 2310 1388 2340 950
1411 2301 1460 2331 vel

123 2345 174 2377 ΡΙ.
243 2345 275 2376 in
293 2356 358 2377 om.
376 2343 409 2374 P
508 2355 568 2384 951
595 2356 659 2378 om.
678 2346 711 2376 P
726 2347 785 2388 (iii.
806 2347 859 2376 113
965 2357 1029 2386 952
1056 2346 1162 2387 Pulc]
1179 2347 1229 2377 vel
1244 2346 1295 2378 P1.
1316 2348 1361 2387 (et
1375 2348 1463 2386 infra

124 2390 212 2421 ΡΗΑ.
231 2392 337 2426 erras}
386 2389 586 2420 cerebrosus
604 2396 655 2421 est
668 2391 701 2420 P
787 2402 851 2431 953
877 2391 929 2421 hic
944 2391 975 2420 P
1061 2401 1124 2430 955
1151 2392 1312 2422 molestus
1331 2402 1385 2430 μετ.
1400 2393 1459 2422 εἰς,

122 2434 178 2464 alu·
265 2436 328 2474 956
354 2434 480 2464 liacitat
498 2444 548 2474 pr.
567 2438 603 2463 ut
619 2434 683 2467 vid,
698 2434 729 2464 P
746 2435 789 2477 RE
805 2441 864 2475 pro
887 2436 911 2464 13
928 2446 934 2472 ;
961 2436 1086 2476 2¹121·p¹·0
1103 2436 1203 2466 habet
1219 2447 1298 2468 corr.
1315 2436 1461 2477 habitat)
