1747 2740
28 268 134 306 744-5

63 699 132 753 756

59 1098 125 1136 755

57 1418 127 1462 760

618 146 1024 185 MOSTELLARIA
1409 144 1485 180 III.
1508 143 1538 179 ii

158 273 208 298 ne
237 257 430 297 indicium
459 271 527 296 ero
556 257 675 296 facias
706 270 806 296 meo.
867 258 920 295 S1.
953 269 975 295 e
1011 269 1084 302 me,
1117 269 1167 294 ne
1197 254 1294 305 quid
1324 262 1487 301 metuaS,
1510 267 1551 300 55

1262 319 1358 357 nihil
1379 318 1486 357 sciet.

155 390 233 427 TR.
265 396 440 440 patrone,
464 389 583 426 salue.
645 389 698 426 S1.
732 386 786 425 nil
809 400 939 426 moror
962 386 1015 425 mi
1036 385 1260 425 istiusmodi
1281 385 1455 423 clientes.

207 513 284 549 ΤΗ.
317 524 423 549 nunc
444 511 520 549 hoc
542 511 651 560 quod
672 511 723 548 ad
745 517 782 548 te
804 517 937 548 noster
958 522 1021 547 me
1043 506 1148 546 misit
1169 521 1342 546 senex—

207 577 260 615 S1.
294 577 370 614 hoc
391 575 488 613 mihi
509 576 706 625 responde
727 574 899 625 primum
921 575 1029 624 quod
1051 587 1124 624 ego
1145 581 1182 611 te
1203 586 1298 622 rogo
1317 588 1324 611 :

206 641 284 680 iam
305 642 355 680 de
377 640 459 679 istis
480 641 597 679 rebus
618 648 751 678 uoster
771 639 868 690 quid
889 638 1011 678 sensit
1032 652 1171 677 senex.
1164 640 1180 668 Ρ

205 708 282 745 ’.ΓΚ
316 706 370 744 nil
391 705 616 756 quicquam.
679 707 732 744 Sl.
765 705 961 755 numquid
983 703 1230 754 increpitauit
1252 703 1398 740 filium.
1390 704 1407 732 Ρ

206 772 283 809 TR.
316 779 395 809 tarn
418 770 610 821 liquidust
631 783 751 820 quam
774 769 926 820 liquida
946 782 1031 808 esse
1053 776 1267 819 tempestas
1288 769 1398 806 solet.

203 849 311 874 nunc
331 844 369 875 te
390 838 467 874 hoc
488 849 597 874 orare
618 835 730 873 iussit
751 848 870 885 opere
890 847 1088 881 maxumo,

203 909 247 940 ut
267 901 342 939 sibi
363 901 497 940 liceret
518 901 712 951 inspicere
734 902 852 938 hasce
872 900 982 938 aedis
1003 907 1101 938 tuas.

203 967 258 1005 SI.
295 979 376 1005 non
416 974 507 1005 sunt
546 967 718 1004 uenales.
779 967 855 1003 TR.
894 965 976 1004 scio
1018 965 1205 1015 equidem
1245 964 1356 1003 istuc.
1416 967 1486 1003 sed

1366 1044 1486 1069 senex

201 1099 445 1137 gynaeceum
465 1085 674 1125 aedificare
694 1086 777 1124 uolt
799 1085 863 1123 hic
884 1085 923 1123 in
945 1085 1024 1124 suis

201 1159 240 1190 et
260 1151 436 1190 balineas
457 1159 496 1190 et
515 1151 789 1190 ambulacrum
810 1158 848 1189 et
869 1150 1075 1201 porticum.

201 1217 255 1255 Sl.
288 1216 385 1267 quid
406 1230 498 1267 ergo
520 1216 764 1255 somniauit?
820 1218 855 1253 T
859 1229 898 1254 R.
930 1230 1004 1267 ego
1025 1216 1155 1255 dicam
1178 1216 1259 1255 tibi.

200 1283 294 1320 dare
315 1283 398 1320 uolt
420 1295 582 1321 uxorem
604 1281 899 1332 filioquantum
921 1290 1062 1332 potest,

199 1348 251 1386 ad
271 1360 358 1386 eam
380 1360 461 1386 rem
482 1349 609 1385 facere
629 1349 713 1386 uolt
734 1361 883 1385 nouom
903 1361 1157 1398 gynaeceum.

200 1426 292 1451 nam
314 1412 388 1451 sibi
408 1412 632 1451 laudauisse
653 1414 771 1452 hasce
791 1413 845 1452 ait
864 1413 1174 1452 architectonem

201 1477 458 1528 nescioquem
479 1478 754 1517 exaedificatas
775 1478 958 1517 insanum
981 1480 1106 1528 bene;

199 1557 307 1582 nunc
328 1543 420 1582 hinc
441 1545 666 1594 exemplum
688 1557 827 1594 capere
848 1546 942 1592 uolt,
966 1545 1040 1583 nisi
1061 1554 1102 1583 tu
1123 1545 1247 1584 neuis.

198 1623 290 1647 nam
313 1609 378 1648 ille
399 1622 447 1648 eo
469 1609 617 1648 maiore
638 1609 731 1648 hinc
752 1623 871 1660 opere
893 1624 939 1648 ex
960 1618 997 1648 te
1018 1613 1243 1661 exemplum
1264 1611 1373 1661 petit,

199 1674 292 1725 quia
312 1674 374 1712 isti
396 1675 577 1713 umbram
598 1683 747 1714 aestate
767 1675 838 1714 tibi
859 1689 944 1714 esse
964 1676 1117 1714 audiuit
1137 1677 1355 1726 perbonam

198 1740 273 1778 sub
294 1739 390 1778 diuo
410 1740 611 1778 columine
632 1754 757 1790 usque
777 1748 1010 1791 perpetuom
1033 1741 1149 1780 diem.

198 1806 254 1844 S1.
285 1805 408 1843 immo
443 1806 586 1856 edepol
625 1819 730 1853 uero,
763 1819 887 1856 quom
921 1819 1207 1858 usquequaque
1241 1808 1381 1847 umbra
1410 1817 1478 1856 est,

1348 1882 1481 1912 tamen

198 1936 257 1974 sol
278 1949 433 1986 semper
454 1935 518 1973 hic
539 1944 597 1974 est
618 1949 744 1986 usque
759 1949 782 1974 a
804 1935 910 1974 mani
930 1937 981 1975 ad
1003 1950 1212 1987 uesperum
1231 1953 1237 1975 :

188 2053 262 2082 744,
283 2053 345 2083 745
370 2044 454 2074 sciat
488 2042 552 2075 cod.
575 2043 667 2083 (corr.
695 2041 760 2083 8²)
861 2054 922 2083 747
949 2043 1093 2085 me[me]
1121 2044 1192 2074 mis.
1211 2044 1277 2075 cod.
1302 2056 1392 2082 Χιονν.
1412 2044 1479 2081 323

145 2096 208 2126 750
225 2087 322 2129 num]
337 2097 439 2118 unum
451 2086 516 2118 cod.
533 2089 585 2128 (u-
600 2092 661 2128 pro
673 2090 936 2126 notapersonae;
956 2088 992 2126 cf
1010 2087 1057 2118 ad
1069 2090 1147 2127 719)
1238 2089 1427 2128 increpauit
1451 2090 1483 2120 Β

1379 2142 1395 2158 O

144 2174 205 2204 757
230 2165 311 2204 quid
329 2175 411 2203 ergo
429 2164 611 2195 somniauit
629 2163 693 2194 Leo
710 2176 716 2195 :
741 2164 819 2204 quid
838 2165 1086 2196 consomniauit
1103 2165 1168 2196 cod.
1192 2167 1285 2205 (0011-
1297 2171 1361 2206 pro
1376 2177 1409 2205 g,
1429 2167 1480 2198 zie.

144 2209 242 2247 ergo)
334 2218 396 2247 759
421 2207 538 2238 accedit
552 2207 584 2238 A
690 2210 753 2247 760
776 2209 979 2240 laudasseP
1046 2210 1122 2248 {ait
1136 2209 1243 2248 hasA
1338 2211 1397 2249 761
1425 2220 1478 2241 ex.

146 2250 257 2293 [esse]
272 2251 304 2281 A
321 2263 326 2284 :
353 2262 428 2282 esse
444 2254 523 2285 (om.
538 2251 630 2289 PCD)
644 2253 842 2283 aedificatas
854 2252 906 2283 P:
931 2264 1008 2284 corr.
1029 2252 1246 2284 Sludemund
1323 2254 1382 2285 has
1400 2264 1480 2285 sane

143 2295 230 2326 bene
249 2294 281 2325 P
411 2296 517 2335 763-5
542 2295 661 2325 lacuna
677 2296 710 2325 in
729 2296 784 2326 ΡΑ
802 2297 853 2336 (cf
875 2308 924 2328 vv.
946 2300 1066 2336 742-33
1208 2298 1269 2336 763
1294 2298 1379 2328 malo
1396 2299 1477 2339 (om.

144 2348 181 2369 re
204 2339 298 2376 hinc)
318 2349 423 2379 opere
438 2339 471 2369 P
624 2340 685 2378 764
709 2339 788 2379 quia
812 2341 866 2370 hic
886 2348 964 2372 tom.
986 2351 1015 2372 u.
1036 2341 1133 2381 aud.)
1152 2350 1228 2371 esse
1251 2347 1381 2372 aestate
1405 2353 1479 2381 per-

143 2382 267 2412 bonam
283 2382 316 2413 P
423 2384 485 2422 765
509 2382 630 2413 subdiu
650 2385 730 2423 (pro
746 2383 801 2414 dio
812 2385 839 2422 3)
856 2383 896 2422 P,
917 2384 949 2413 A
970 2396 1001 2414 n.
1021 2384 1038 2416 l.
1055 2395 1062 2414 z
1087 2385 1149 2414 sub
1166 2385 1249 2414 sudo
1267 2384 1483 2416 Studemnnd

145 2425 200 2465 (ex
213 2426 276 2465 A),
296 2425 410 2456 Funck
427 2426 543 2467 (Arclz.
563 2426 636 2456 Lat.
659 2426 734 2457 Lex.
752 2437 800 2460 10,
819 2427 1000 2467 344‘.fo›¹t.
1023 2432 1096 2458 recte
1185 2428 1250 2459 col·
1283 2440 1346 2461 om.
1364 2430 1479 2460 umine

145 2479 261 2513 usque(
284 2470 317 2500 P
448 2470 511 2510 766
535 2480 571 2510 es
586 2470 619 2500 A
757 2473 817 2513 767
844 2472 907 2502 huc
929 2482 1012 2511 gom.
1034 2474 1101 2511 est)
1117 2472 1149 2503 A

1507 704 1550 739 60

1505 1093 1545 1135 65
