1747 2740
675 134 998 174 PSEVDOLVS
1445 135 1499 173 ΙΙ.
1522 137 1569 172 iv

169 246 201 286 is
222 247 317 286 mihi
338 248 436 285 haec
456 259 542 285 sese
563 246 804 284 ecfecturum
826 244 922 283 dixit
943 258 1044 295 quae
1064 244 1143 284 dixi
1166 244 1246 283 tibi.
1529 258 1568 281 ιο

170 314 233 351 Ps.
266 313 488 362 magnufice
526 310 732 350 hominem
771 310 1035 361 compellabo.
1121 312 1237 349 Cim.
1270 310 1390 360 quoia
1428 324 1506 349 uox

1105 377 1291 414 resonat?
1349 377 1411 414 Ps.
1444 375 1482 414 io
1500 379 1507 414 !

168 441 207 479 io
227 449 276 489 te,
299 449 349 488 te,
371 449 548 488 turanne,
571 448 620 488 te,
643 448 681 479 te
702 441 787 490 ego,
809 439 877 490 qui
898 439 1098 490 imperitas
1120 441 1331 487 Pseudolo,

168 520 316 557 quaero
336 507 431 557 quoi
452 514 510 545 ter
529 506 630 544 trina
651 505 827 556 triplicia,
851 505 965 544 tribu'
986 505 1115 544 modis
1137 505 1208 543 tria
1228 505 1382 556 gaudia,

82 580 148 617 705
170 572 318 611 artibus
338 572 453 611 tribu’
473 572 540 610 tris
560 571 770 610 demeritas
790 572 883 610 dem
904 570 1080 617 laetitias,
1105 572 1155 609 de
1175 570 1298 609 tribus

65 642 154 685 705⁵
171 639 308 676 fraude
328 646 457 688 partas
477 652 547 688 per
567 637 769 684 malitiam,
792 650 861 687 per
881 637 1019 675 dolum
1042 645 1080 675 et
1100 636 1273 674 fallacias
1289 651 1298 684 ;
1528 648 1567 681 15

170 702 210 741 in
230 702 365 742 libello
385 704 462 742 hoc
482 702 691 753 opsignato
711 704 763 741 ad
784 710 821 740 te
841 701 953 740 attuli
974 701 1200 751 pauxillulo.

169 768 285 807 CALI.
317 768 396 807 illic
425 770 596 807 homost.
657 770 734 808 CH.
768 776 810 806 ut
844 768 1143 818 paratragoedat
1173 767 1381 805 carnufex!
1441 768 1503 803 Ps.

1187 835 1322 872 confer
1341 835 1506 884 gradum

168 909 306 939 contra
325 901 477 951 pariter,
501 915 622 951 porge
641 902 828 940 audacter
848 901 899 938 ad
921 901 1087 938 salutem
1109 899 1350 938 bracchium.

170 967 285 1006 (ΖΑΗ.
319 967 384 1006 dic
404 976 534 1006 utrum
556 969 730 1017 Spemne
750 980 801 1004 an
822 968 997 1004 Salutem
1019 973 1056 1004 te
1077 967 1255 1012 salutem,
1280 966 1506 1004 Pseudole?

82 1041 152 1078 710
172 1034 234 1070 Ps.
266 1032 390 1071 immo
410 1041 633 1083 utrumque.
694 1034 772 1072 CH.
805 1033 1038 1081 Vtrumque,
1063 1033 1181 1070 salue.
1242 1033 1312 1070 sed
1334 1031 1429 1081 quid
1446 1045 1507 1069 ac·
1530 1045 1570 1067 20

940 1099 1091 1135 tumst?
1148 1099 1211 1135 Ps.
1244 1097 1341 1147 quid
1362 1096 1476 1135 times
1490 1099 1507 1134 ?

168 1164 284 1203 (ΞΛΜ.
309 1163 420 1202 attuli
433 1165 551 1202 hunc.
604 1165 666 1202 Ps.
691 1162 799 1214 quid,
814 1162 1008 1201 attulisti?
1052 1164 1168 1202 CALI.
1193 1162 1376 1201 ‘adduxi’
1397 1161 1507 1200 uolui

1361 1226 1504 1266 dicere.

168 1297 231 1334 Ps.
263 1295 352 1346 quis
373 1295 460 1334 istic
480 1297 567 1334 est?
607 1296 724 1335 CAH.
757 1293 964 1334 Charinus.
1028 1295 1090 1332 ΡΞ.
1123 1296 1270 1344 eugae!
1300 1292 1377 1331 iarn
1398 1295 1507 1345 χάριν

1262 1361 1378 1410 τούτῳ
1399 1363 1503 1397 ποιῶ.

169 1427 246 1467 CH.
279 1426 375 1477 quin
397 1435 440 1466 tu
461 1426 489 1465 si
513 1425 610 1477 quid
631 1434 758 1476 opust,
782 1425 835 1463 mi
866 1426 1053 1464 audacter
1073 1424 1271 1475 imperas?
1329 1427 1392 1463 ΡΞ.
1425 1432 1505 1463 tam

1370 1490 1502 1540 gratia.

167 1559 271 1597 bene
291 1558 340 1597 sit
359 1558 445 1605 tibi,
467 1558 649 1598 Charine.
709 1558 803 1596 nolo
824 1556 896 1595 tibi
917 1558 1106 1595 molestos
1128 1569 1212 1594 esse
1234 1569 1317 1594 nos.

80 1631 145 1670 715
168 1625 246 1664 CH.
278 1637 350 1662 uos
390 1625 608 1662 molestos?
648 1622 745 1661 nihil
785 1623 1034 1661 molestumst
1073 1620 1168 1659 mihi
1204 1621 1377 1671 quidem.
1438 1623 1501 1659 Ps.
1528 1633 1565 1665 ²5

1135 1695 1218 1725 tum
1240 1686 1355 1737 igitur
1376 1700 1502 1726 mane.

168 1756 284 1795 (ΖΑΗ.
316 1754 413 1805 quid
433 1754 534 1792 istuc
558 1756 646 1793 est?
704 1755 766 1791 Ps.
799 1753 1006 1803 epistulam
1037 1753 1159 1791 modo
1186 1753 1289 1790 hanc
1317 1751 1506 1802 intercepi

1204 1825 1242 1856 et
1263 1818 1501 1856 sumbolum.

213 1937 271 1967 701
300 1928 393 1969 sese]
421 1938 498 1958 esse
525 1927 557 1957 P
579 1927 652 1968 (pro
675 1937 782 1965 sesse,
809 1926 949 1965 amiqua
963 1927 1082 1966 forma
1094 1924 1120 1959 ἣ
1260 1935 1323 1963 702
1347 1929 1446 1955 sonat
1465 1924 1504 1957 P.

167 1976 277 2003 contra
295 1975 439 2002 metrum
575 1982 636 2010 703
660 1971 728 2002 iote
752 1975 822 2001 tete
848 1970 982 2000 tiranne
1007 1974 1040 2000 te
1067 1979 1148 2008 rogo
1172 1967 1225 1999 P:
1252 1973 1285 1998 te
1309 1974 1340 1998 te
1362 1974 1506 1999 turanne

169 2016 262 2053 (corr.
285 2018 370 2055 tyr—3
388 2016 438 2054 t(e
456 2015 537 2054 elgo
550 2015 582 2045 A
601 2026 607 2044 ι
632 2025 711 2046 corr.
731 2013 797 2045 Leo
888 2012 1054 2053 pseudole
1069 2013 1162 2053 (corr.
1183 2023 1221 2042 ex
1235 2013 1306 2051 sp&
1324 2012 1357 2041 A
1373 2023 1379 2042 ε
1407 2022 1506 2051 pseu-

168 2058 236 2089 doli
253 2059 302 2089 P:
332 2069 409 2089 corr.
429 2059 503 2089 Ital.
612 2069 673 2098 704
700 2068 760 2098 per
776 2058 807 2087 A
902 2057 982 2097 tria]
1001 2067 1054 2087 me
1068 2057 1131 2086 tria
1149 2055 1182 2086 P
1196 2063 1201 2087 (
1213 2056 1269 2086 vix
1280 2060 1340 2095 pro
1357 2066 1408 2086 em
1427 2057 1505 2090 trialv

168 2112 231 2142 705
256 2102 334 2143 tris]
352 2108 405 2133 ter
422 2102 455 2132 P
542 2105 621 2142 705⁸
647 2102 711 2143 [et]
732 2111 794 2141 per
811 2101 841 2132 d.
858 2100 892 2131 P
988 2100 1153 2131 fallaciam
1171 2099 1203 2130 Ρ
1302 2101 1366 2137 706
1389 2100 1430 2129 ad
1454 2099 1503 2140 te]

167 2147 228 2177 abs
244 2151 278 2177 te
295 2147 359 2176 hoc
377 2146 410 2176 A
429 2159 435 2176 :
460 2147 524 2177 hoc
546 2146 669 2185 Ussing
756 2146 819 2183 708
843 2154 948 2184 proge
965 2144 1126 2175 audacter
1142 2144 1175 2173 A
1192 2155 1198 2173 :
1225 2153 1286 2183 por
1299 2143 1506 2174 claudaciter

167 2188 201 2219 P
215 2189 287 2231 (CL
298 2195 361 2230 pro
378 2189 454 2229 GE)
581 2189 754 2220 bacchium
772 2188 804 2218 A
977 2198 1040 2227 709
1065 2198 1106 2217 an
1127 2187 1215 2228 Sah]
1235 2197 1298 2217 ans
1316 2192 1456 2217 matrem
1475 2186 1508 2217 Ρ

168 2242 204 2272 71
216 2244 226 2263 1
255 2234 332 2264 hinc
355 2233 388 2263 P
554 2243 617 2271 712
642 2243 727 2271 euge
744 2233 808 2262 iam
827 2232 979 2271 charytoi
998 2231 1028 2261 io
1045 2231 1125 2262 nolas
1142 2230 1196 2261 P:
1219 2241 1336 2269 eug—
1349 2231 1502 2270 tutopoio

166 2285 199 2315 A
221 2297 228 2316 z
251 2297 329 2316 corr.
349 2284 497 2324 Scaliger
624 2294 685 2324 713
710 2284 735 2314 si
754 2283 850 2323 quid]
869 2282 1028 2322 quicquid
1046 2283 1079 2313 P
1164 2282 1311 2321 graciam
1330 2281 1407 2312 Put
1419 2273 1502 2313 iud:

166 2329 308 2367 gratiast
325 2328 452 2359 Pareus
586 2338 647 2367 714
672 2328 730 2358 tibi
744 2327 840 2368 prius
856 2338 921 2357 om.
942 2326 974 2357 P
1083 2336 1145 2366 715
1171 2337 1202 2356 u.
1217 2337 1258 2357 m.
1281 2326 1361 2356 mihi
1381 2326 1501 2356 moles-

167 2375 236 2402 tum
255 2377 306 2402 est
324 2373 460 2412 quidem
475 2371 508 2402 Ρ
537 2371 569 2402 ii.
590 2372 624 2409 ql
643 2383 649 2401 ε
675 2381 705 2402 u.
727 2381 768 2402 m.
790 2370 893 2402 mihi?
915 2380 957 2402 m.
986 2369 1028 2400 mi
1054 2369 1086 2400 id
1112 2370 1249 2410 quidem
1276 2369 1340 2400 Leo
1364 2374 1394 2399 c!
1417 2371 1503 2409 χεύῃ·

167 2415 227 2456 mi)
244 2415 328 2446 Pius
425 2421 494 2446 tum
509 2420 544 2445 tu
558 2414 590 2445 Β
720 2416 784 2454 716
808 2414 906 2445 modo
923 2424 989 2445 om.
1011 2414 1043 2444 A
1135 2414 1221 2445 hanc
1235 2415 1333 2444 modo
1350 2413 1487 2444 Graptus

1352 2459 1412 2487 19*
