1747 2740
731 133 958 172 RVDENS
1439 134 1507 171 IV.
1528 133 1543 171 i

660 345 896 394 ACTVS
950 345 1022 393 IV

684 464 998 501 DAEMONES
1530 463 1638 503 IV.i

228 562 337 600 Bene
358 562 505 600 facturn
527 567 565 599 et
586 562 709 611 uolup
730 568 787 599 est
809 559 872 599 me
893 561 1013 600 hodie
1035 561 1094 599 his
1116 559 1357 599 mulierculis

226 625 403 665 tetulisse
422 625 621 664 auxilium.
682 625 759 663 iam
781 625 943 664 clientas
965 626 1128 676 repperi,

225 699 344 742 atque
364 692 501 730 ambas
522 692 648 729 forma
668 691 808 729 scitula
827 699 947 741 atque
967 693 1148 730 aetatula.

85 765 150 810 895
225 758 295 796 sed
317 758 413 795 uxor
432 758 597 795 scelesta
619 770 682 795 me
703 756 890 795 omnibus
911 765 1040 795 seruat
1062 756 1206 804 modis,

225 835 276 860 ne
296 822 392 872 quid
413 821 631 872 significem
653 821 856 872 quippiam
879 822 1127 861 mulierculis.
1529 841 1546 872 5

225 888 295 926 sed
317 887 462 938 Gripus
483 900 618 926 seruos
640 894 773 926 noster
794 887 890 937 quid
913 901 1040 926 rerum
1061 895 1169 938 gerat

223 952 352 999 miror,
376 953 426 991 de
447 959 565 990 nocte
585 951 653 1002 qui
674 951 770 990 abiit
791 951 987 1001 piscatum
1008 953 1059 991 ad
1081 966 1197 991 mare.

223 1019 290 1068 pol
312 1017 424 1068 magi'
446 1016 610 1067 sapisset
631 1016 663 1055 si
684 1016 937 1056 dormiuisset
958 1017 1078 1064 domi,

81 1095 151 1131 900
223 1096 315 1121 nam
337 1096 443 1121 nunc
463 1090 501 1121 et
521 1095 682 1132 operam
704 1083 820 1120 ludos
841 1082 933 1121 facit
953 1090 990 1121 et
1011 1082 1160 1129 retiam,

222 1156 265 1188 ut
285 1155 499 1199 tempestas
520 1155 578 1186 est
599 1161 706 1186 nunc
726 1155 846 1198 atque
866 1156 909 1186 ut
930 1155 1050 1187 noctu
1073 1148 1156 1186 fuit.
1528 1165 1568 1188 10

222 1215 262 1253 in
283 1214 413 1264 digitis
434 1213 554 1253 hodie
575 1227 817 1264 percoquam
838 1216 948 1264 quod
969 1214 1126 1265 ceperit,

221 1280 275 1319 ita
295 1281 484 1318 fluctuare
505 1279 625 1318 uideo
646 1280 904 1318 uehementer
926 1293 1042 1318 mare.

221 1345 292 1383 sed
312 1345 362 1383 ad
384 1343 594 1394 prandium
616 1345 713 1382 ux'or
734 1358 798 1382 me
817 1351 946 1382 uocat.
1007 1345 1126 1382 redeo
1148 1345 1324 1383 domum.

79 1421 145 1458 905
221 1409 298 1448 iam
320 1422 427 1448 meas
448 1408 627 1459 opplebit
647 1408 750 1447 auris
772 1408 1138 1460 uaniloquentia.—

725 1521 938 1558 GRrpvs
1522 1519 1552 1556 ii

274 1603 464 1653 Neptuno
486 1603 555 1640 has
576 1615 650 1652 ago
671 1601 812 1652 gratias
834 1615 924 1640 meo
944 1609 1122 1652 patrono,

272 1667 339 1717 qui
361 1667 470 1706 salsis
491 1666 587 1705 locis
609 1666 746 1705 incolit
767 1666 1008 1717 pisculentis,

272 1746 394 1782 quom
417 1746 479 1770 me
500 1746 547 1771 ex
567 1732 646 1770 suis
668 1732 764 1770 locis
787 1733 949 1782 pulchre
971 1740 1151 1770 ornatum
1174 1732 1385 1783 expediust,

273 1797 429 1848 templis
451 1799 677 1845 redducem,
702 1799 883 1848 pluruma
904 1799 1050 1848 pracda
1070 1806 1268 1845 onustum,

77 1873 147 1909 910
273 1864 398 1901 salute
418 1862 562 1910 horiae‚
586 1876 687 1913 quae
709 1863 746 1901 in
770 1863 866 1901 mari
887 1864 1083 1901 fluctuoso
1521 1879 1538 1910 5

272 1928 424 1978 piscatu
445 1940 553 1966 nouo
574 1941 636 1967 me
658 1928 766 1966 uberi
788 1928 1025 1978 compotiuit

208 2035 272 2073 892
296 2033 345 2064 vel
363 2033 438 2064 med
571 2033 636 2072 896
662 2043 703 2063 ne
719 2033 775 2072 qui
804 2033 979 2064 Acidalt'us
1111 2034 1176 2073 899
1199 2034 1249 2064 vel
1269 2044 1365 2073 mage
1454 2034 1503 2065 vel

163 2078 320 2118 sapiisset
335 2091 340 2108 :
365 2076 557 2107 Priscianus
577 2086 602 2115 1,
624 2087 690 2116 500
706 2088 745 2108 ex
763 2076 870 2117 Capro
887 2078 1058 2117 sapuisset
1075 2079 1187 2108 testam·
1199 2077 1328 2108 videtur
1435 2088 1500 2117 900

166 2122 244 2153 facit
265 2120 354 2152 codd.
374 2120 542 2151 Prisciani
557 2130 585 2158 1,
603 2130 687 2160 332:
715 2122 771 2152 dat
792 2121 858 2152 cod.
880 2122 952 2159 (pro
969 2121 1025 2160 fat,
1045 2122 1066 2152 i.
1081 2133 1103 2152 e.
1124 2121 1201 2152 facit
1216 2123 1330 2161 2)s01·t.
1353 2125 1429 2152 recte
1445 2122 1498 2161 (cf.

166 2166 265 2197 Arch.
287 2164 361 2196 Lat.
382 2163 544 2204 Lexicogr.
569 2174 617 2202 11,
642 2165 716 2201 128)
808 2165 925 2196 retiam
944 2168 1081 2196 testatur
1094 2165 1305 2196 Priscianus:
1331 2166 1414 2196 retia
1431 2166 1498 2196 cod.

165 2219 229 2249 905
255 2219 348 2239 meas
366 2212 444 2249 post
465 2208 556 2239 auris
574 2207 816 2239 Sonnensclrein
910 2208 1000 2250 [sua]
1021 2219 1096 2240 uan.
1116 2209 1181 2239 cod.
1202 2209 1259 2249 (iv.
1276 2211 1311 2249 3)
1329 2221 1336 2240 z
1360 2220 1419 2240 sua
1436 2210 1494 2241 del.

167 2252 303 2284 Guietus
434 2254 499 2292 906
522 2261 597 2283 meo
613 2258 754 2292 patrono
771 2253 896 2292 gratias
912 2252 977 2284 cod.
997 2265 1003 2283 ε
1027 2253 1097 2283 trai.
1112 2252 1195 2284 Rei:
1326 2254 1391 2292 908
1415 2253 1500 2284 locis

165 2296 222 2329 del.
247 2296 328 2327 Rei:
482 2306 548 2336 909
572 2296 774 2336 templisque
791 2297 947 2326 reducem
984 2297 1029 2326 ita
1047 2296 1131 2337 cod.)
1150 2296 1338 2328 Fleckeisen.
1357 2298 1411 2327 cm'
1425 2298 1497 2327 rcd-

165 2340 283 2371 ducem
292 2341 411 2380 forma
430 2339 571 2380 displicet
678 2340 858 2370 honestum
877 2340 943 2371 cod.
965 2341 1058 2378 (corr.
1080 2340 1145 2381 3²>
1290 2351 1355 2379 910
1378 2340 1497 2372 horiae

165 2382 323 2424 Pylades:
351 2384 467 2414 horcia
485 2382 551 2415 cod.
573 2394 579 2413 :
605 2383 697 2415 horia
714 2383 803 2414 codd.
823 2383 926 2413 Nonii
940 2393 1004 2424 533
