1747 2740
144 131 198 169 ΙΙ.
219 130 264 168 iii
635 131 681 169 T.
716 131 896 171 MACCI
928 131 1132 169 PLAVTI

219 253 356 279 uerum
391 239 497 279 enim
533 248 573 278 tu
608 239 732 288 istam,
765 240 796 278 si
831 248 869 279 te
898 241 940 279 di
973 248 1117 288 ament,
1149 248 1297 279 temere
1330 241 1408 279 hau
1437 241 1552 279 tollas

1352 306 1551 344 fabulam:

219 369 295 409 tuis
316 384 422 409 nunc
443 370 619 409 cruribus
640 369 839 421 capitique
859 371 1039 409 fraudem
1060 369 1269 420 capitalem
1290 369 1383 408 hinc
1403 383 1522 408 creas.

221 448 312 473 nam
335 435 405 474 tibi
426 435 502 473 iam
521 443 562 474 ut
583 449 718 486 pereas
739 443 918 486 paratum
939 443 998 474 est
1018 435 1227 486 dupliciter
1247 434 1322 473 nisi
1342 433 1553 485 supprimis
1571 445 1637 480 295

160 513 199 544 25
222 508 333 539 tuom
347 500 645 550 stultiloquium.
684 502 746 539 Sc.
766 500 833 550 qui
850 514 945 539 uero
959 500 1197 551 dupliciter?
1233 502 1302 539 PA.
1322 500 1452 539 dicam
1467 499 1550 538 tibi.

221 566 501 616 primumdum,
520 565 550 603 si
573 567 670 604 salso
687 565 890 604 insimulas
912 565 1261 613 Philocomasium,
1279 566 1357 604 hoc
1376 564 1535 616 perieris
1543 579 1554 613 ;

219 630 371 677 iterum,
394 630 424 668 si
446 630 486 669 id
508 638 694 678 uerumst,
718 639 760 668 tu
776 630 812 669 ei
833 638 966 670 custos
987 630 1147 669 additus
1168 629 1366 681 periueris.

219 698 281 735 SC.
315 695 411 745 quid
432 696 513 733 fuat
534 709 597 734 me
618 695 753 734 nescio
770 710 777 734 ι
808 697 906 735 haec
927 709 991 734 me
1012 695 1160 735 uidisse
1180 708 1254 745 ego
1274 703 1382 734 certo
1402 694 1495 733 scio.

221 762 290 799 ΡΑ.
323 759 468 810 pergin,
502 759 668 798 infelix?
736 761 798 798 Sc.
837 760 932 810 quid
968 760 1038 798 tibi
1074 761 1133 799 uis
1168 761 1298 800 dicam
1339 761 1413 799 nisi
1442 761 1552 810 quod
1573 766 1642 801 300

1356 824 1523 864 uiderim
1537 826 1554 863 ?

160 907 200 939 30
220 890 316 942 quin
338 890 455 930 etiam
478 904 584 929 nunc
605 890 710 929 intus
731 890 794 929 hic
815 889 855 928 in
883 898 1124 941 proxumost.
1186 892 1254 928 ΡΑ.
1286 891 1364 929 eho
1392 903 1442 928 an
1472 903 1553 928 non

1378 954 1525 994 domist
1538 955 1554 992 ?

219 1023 282 1061 Sc.
312 1022 425 1069 uisse,
442 1021 507 1061 abi
528 1021 630 1060 intro
651 1029 745 1068 tute,
762 1035 853 1059 nam
875 1034 949 1072 ego
966 1020 1019 1060 mi
1041 1021 1117 1059 iam
1135 1020 1189 1058 nil
1211 1020 1317 1059 credi
1338 1021 1506 1071 postulo.

220 1090 289 1126 ΡΑ.
322 1095 472 1127 certum
503 1094 561 1125 est
590 1087 850 1126 facere—Sc.
883 1087 947 1124 hic
982 1094 1020 1125 te
1053 1085 1257 1137 opperiam
1273 1100 1282 1133 3
1321 1086 1461 1124 eadem
1499 1083 1554 1123 illi

1251 1149 1414 1188 insidias
1434 1149 1551 1195 dabo,

219 1231 339 1269 quam
374 1231 466 1257 mox
504 1218 665 1256 horsum
699 1218 750 1257 ad
789 1217 989 1256 stabulum
1027 1215 1188 1255 iuuenix
1225 1215 1387 1266 recipiat
1425 1228 1466 1254 se
1497 1212 1556 1265 (e)

1392 1279 1549 1331 pabulo.

220 1411 316 1463 quid
338 1425 411 1462 ego
432 1424 539 1450 nunc
560 1409 732 1449 faciam?
761 1411 969 1450 custodem
991 1423 1055 1448 me
1075 1408 1129 1447 illi
1152 1409 1264 1448 miles
1284 1407 1462 1448 addidit:
1573 1418 1639 1454 305

160 1495 199 1528 35
221 1490 328 1516 nunc
349 1476 379 1514 si
402 1476 592 1515 indicium
616 1475 728 1524 facio,
753 1475 878 1514 interii
895 1490 905 1521 3
935 1473 1101 1528 (interii)
1123 1474 1154 1512 si
1175 1483 1289 1513 taceo
1310 1482 1455 1520 tamen,

221 1541 252 1580 si
273 1543 350 1580 hoc
371 1542 500 1592 palam
522 1540 646 1580 fuerit.
706 1540 803 1591 quid
824 1540 935 1591 peius
957 1540 1120 1578 muliere
1139 1547 1206 1578 aut
1227 1538 1448 1578 audacius?

221 1608 318 1647 dum
341 1620 414 1657 ego
434 1606 474 1644 in
495 1606 635 1657 tegulis
657 1619 757 1654 sum,
780 1606 893 1645 illaec
916 1610 1063 1647 †sum†
1088 1604 1262 1655 hospitio
1283 1604 1364 1643 edit
1385 1605 1487 1643 foras
1505 1619 1516 1652 ς

221 1673 364 1722 edepol
385 1671 536 1710 facinus
557 1670 648 1709 fecit
668 1671 806 1709 audax.
866 1671 1034 1710 hoccine
1055 1670 1086 1709 si
1107 1670 1218 1709 miles
1239 1669 1347 1716 sciat,

222 1739 342 1777 credo
363 1738 494 1776 hercle
515 1738 585 1775 has
606 1738 785 1775 sustollat
804 1736 914 1776 aedis
934 1744 1036 1776 totas
1056 1744 1176 1786 atque
1195 1737 1303 1774 hunc
1324 1737 1363 1773 in
1384 1747 1552 1773 crucem.
1574 1745 1641 1780 310

162 1818 204 1848 40
224 1804 355 1842 hercle
375 1802 572 1853 quidquid
594 1809 663 1849 est,
687 1801 905 1841 mussitabo
927 1801 1057 1852 potius
1078 1814 1198 1853 quam
1219 1801 1409 1839 inteream
1431 1801 1533 1838 male
1546 1814 1556 1848 3

268 1917 331 1946 295
354 1916 428 1936 nam
442 1905 676 1937 Camerarius:
698 1907 761 1938 iam
776 1907 841 1938 cod.
933 1917 997 1947 295
1014 1911 1043 1938 et
1057 1917 1122 1946 300
1136 1906 1209 1937 nesi
1222 1903 1264 1936 B¹
1366 1904 1431 1944 296
1447 1903 1556 1934 dicam

226 1948 379 1980 Gm'ctus:
406 1950 494 1991 [hic]
514 1951 637 1981 dictam
657 1951 723 1982 cod.
743 1952 802 1991 (iv.
823 1953 858 1990 3)
984 1961 1046 1991 297
1073 1950 1190 1981 salsom
1208 1948 1273 1980 cod.
1297 1948 1347 1988 (cs.
1367 1947 1415 1978 ad
1428 1957 1455 1978 v.
1475 1948 1554 1986 2385

224 1994 288 2033 298
312 1992 396 2036 (co)
413 1994 554 2032 perieris
574 1995 633 2035 [ita
652 1995 733 2027 cod)
755 1995 931 2025 Aa'dalius
1030 1995 1063 2025 it.
1081 1994 1224 2034 perieris
1247 1993 1275 2023 si
1300 1992 1332 2022 id
1351 2002 1397 2029 u.;
1424 1996 1458 2022 tu
1475 1991 1552 2022 «εἰ-ε.

223 2037 370 2067 additu’s
388 2037 560 2078 Nicmqver
663 2049 727 2078 299
750 2040 827 2078 quia
844 2038 910 2070 cod.
929 2039 1024 2076 (corr.
1041 2037 1102 2078 3²)
1207 2046 1272 2076 303
1296 2036 1408 2067 facere
1426 2039 1554 2066 certum

224 2085 275 2110 est
306 2080 448 2120 Sejffvt.
486 2081 667 2112 secundnm
702 2093 828 2113 morem
861 2082 1061 2112 Plautinum
1161 2081 1290 2121 operiat
1325 2079 1371 2110 13¹
1388 2091 1395 2110 z
1431 2089 1484 2109 -ar
1507 2078 1556 2108 8²

223 2133 285 2162 304
311 2134 389 2154 mox
408 2125 544 2155 horsum
567 2125 796 2157 Camerarius:
824 2136 910 2156 uxor
927 2125 990 2156 cod.
1056 2125 1105 2156 vel
1119 2126 1234 2155 iunix:
1261 2123 1395 2154 iuuenis
1415 2121 1480 2153 cod.
1506 2126 1551 2153 (v.

223 2178 256 2207 9,
276 2178 306 2207 p.
321 2177 374 2206 71;
400 2169 417 2197 i.
429 2169 464 2198 8‘»
549 2179 567 2199 e
585 2168 661 2199 add.
678 2169 892 2200 Camerarius
1023 2179 1087 2208 305
1112 2169 1240 2200 addidit
1258 2166 1394 2198 Dousa:
1420 2166 1554 2196 tradidit

225 2211 289 2241 cod.
420 2213 484 2251 306
510 2213 621 2243 interii
649 2212 722 2243 add.
753 2214 843 2253 (post
863 2217 969 2244 tacco*
996 2212 1210 2243 Camerarius
1324 2220 1386 2250 307
1410 2210 1501 2249 quod
1524 2209 1556 2239 Β

225 2256 289 2294 308
316 2254 411 2285 illaec
430 2255 523 2286 Ital.:
551 2256 625 2286 illac
650 2257 712 2287 hec
729 2257 794 2287 cod.
882 2259 897 2286 Ξ
918 2258 952 2287 ἤι’.
968 2268 990 2287 e.
1013 2258 1103 2294 sum)
1124 2260 1160 2286 ut
1173 2255 1236 2286 vid.
1261 2254 1326 2285 cod.
1345 2263 1396 2289 (se
1419 2251 1493 2289 BQ:
1517 2263 1554 2282 se

228 2299 347 2334 (immo
368 2300 462 2338 sese)
485 2310 526 2329 ex
550 2298 740 2329 Lambinus
838 2300 892 2330 illa
917 2311 959 2330 ex
981 2310 1041 2330 suo
1058 2310 1135 2330 sese
1152 2298 1300 2330 Lorruz:
1327 2298 1420 2328 illaec
1437 2306 1475 2327 ec
1492 2306 1554 2326 suo

226 2353 262 2373 sc
275 2341 402 2373 Scltoc‘ll
499 2353 562 2381 309
586 2343 612 2373 si
632 2344 726 2373 miles
746 2343 845 2375 Pius:
874 2344 982 2374 simile
999 2343 1062 2374 cod.
1163 2353 1230 2382 3¹0
1252 2347 1339 2373 totas
1356 2340 1461 2371 Pius:
1486 2345 1554 2370 tota

226 2387 253 2417 si
280 2391 381 2426 (totns
399 2386 460 2422 13²)
482 2386 603 2427 [tollat]
627 2387 692 2418 cod.
714 2387 768 2426 «xiv.
788 2389 824 2426 31
930 2392 1063 2426 atquem
1085 2386 1148 2418 cod.
1252 2386 1340 2416 hunc
1361 2383 1553 2415 Hcmldus:

226 2429 279 2461 hic
297 2429 362 2460 cod.
383 2430 475 2470 (hinc
492 2429 548 2469 ΒΕ)
683 2441 742 2470 311
770 2441 824 2470 qu.
847 2430 992 2462 herclest
1011 2430 1115 2462 Bothe
1131 2433 1232 2461 metro
1248 2428 1420 2460 consulens
