1747 2740
197 150 268 187 IV.
292 148 321 185 ii
716 148 762 185 T.
797 146 977 186 MACCI
1009 145 1214 183 PLAVTI

291 261 371 300 CH.
402 262 536 299 haeret
557 261 654 298 haec
676 273 746 306 res,
770 259 800 297 si
822 259 983 309 quidem
1012 271 1086 308 ego
1106 271 1249 308 apsens
1270 271 1357 296 sum
1378 270 1499 308 quam
1518 269 1625 308 prae-

1348 336 1439 361 sens
1459 322 1622 373 longior.

291 390 465 429 nouistin
481 390 684 429 hominem
699 392 715 427 ?
770 392 832 428 ΞΥ.
858 389 1020 428 ridicule
1036 388 1189 439 rogita5‚
1206 401 1381 439 quocum
1395 401 1474 426 una
1489 387 1624 425 cibum
1644 395 1710 433 905

291 470 430 507 capere
452 458 570 495 soleo.
632 457 709 495 CH.
743 454 839 505 quid
867 462 925 493 est
952 454 987 493 ei
1015 456 1193 493 nomen?
1249 455 1312 492 ΞΥ.
1345 453 1455 503 quod
1482 453 1626 503 edepol

1313 518 1465 557 homini
1485 519 1623 568 probo.

230 588 270 631 65
291 588 368 627 CH.
415 588 524 626 lubet
554 586 700 626 audire.
761 587 824 624 ΞΥ.
867 585 920 624 illi
951 583 1447 636 edepol—illi-ssli--uae
1482 583 1626 622 misero

1504 649 1625 688 mihi!

290 719 367 758 CH.
392 718 489 768 quid
505 725 563 757 est
579 717 741 767 negoti?
789 718 851 755 ΞΥ.
882 715 1072 755 deuoraui
1088 728 1235 754 nomen
1253 714 1469 766 inprudens
1489 715 1622 754 modo.

290 785 367 824 CH.
400 798 481 823 non
502 785 630 834 placet
651 783 718 834 qui
739 783 888 821 amicos
909 782 1009 820 intra
1029 783 1168 821 dentes
1189 782 1399 820 conclusos
1419 781 1550 820 habet.

288 850 351 888 ΞΥ.
383 857 503 899 atque
524 848 642 887 etiam
666 849 787 886 modo
808 848 1040 886 uorsabatur
1060 846 1156 885 mihi
1178 845 1217 884 in
1238 845 1356 885 labris
1372 845 1620 896 primoribus.
1642 858 1713 894 910

288 916 365 954 CH.
408 914 573 966 temperi
603 913 695 952 huic
725 913 845 953 hodie
874 912 1072 952 anteueni.
1132 914 1196 952 ΞΥ.
1233 919 1370 951 teneor
1399 913 1622 951 manufesto

1493 976 1619 1016 miser.

228 1056 266 1090 70
289 1046 368 1085 CH.
409 1045 485 1084 iam
519 1045 863 1084 recommentatu's
898 1045 1076 1082 nomen?
1133 1044 1196 1082 ΞΥ.
1240 1043 1360 1082 deum
1394 1043 1525 1081 hercle
1559 1055 1623 1081 me

1117 1116 1237 1159 atque
1257 1107 1465 1147 hominum
1486 1109 1619 1158 pudet.

289 1176 366 1214 CH.
405 1175 497 1214 uide
525 1177 646 1214 modo
674 1183 716 1214 ut
743 1174 946 1213 hominem
975 1173 1156 1213 noueris!
1215 1174 1277 1212 ΞΥ.
1315 1180 1517 1223 tamquam
1545 1187 1619 1212 me.

1286 1238 1369 1277 fieri
1390 1237 1489 1276 istuc
1510 1240 1620 1286 solet,

286 1307 395 1356 quod
417 1306 457 1344 in
480 1319 599 1345 manu
621 1314 755 1345 teneas
776 1314 895 1357 atque
916 1305 1041 1344 oculis
1062 1305 1210 1352 uideas,
1234 1304 1274 1343 id
1295 1303 1506 1343 desideres.

287 1371 422 1411 litteris
445 1371 777 1411 recomminiscar.
836 1370 906 1424 (C)
927 1379 984 1410 est
1006 1370 1243 1422 principium
1264 1369 1427 1408 nomini.
1640 1383 1706 1421 915

287 1440 366 1478 CH.
396 1438 571 1478 Callias?
627 1440 690 1478 ΞΥ.
724 1452 804 1476 non
825 1446 894 1477 est.
955 1439 1032 1477 CH.
1071 1437 1305 1488 Callippus?
1352 1438 1415 1475 ΞΥ.
1447 1449 1528 1476 non
1549 1444 1618 1475 est.

1199 1506 1276 1546 CH.
1310 1504 1622 1545 Callidemides?

229 1584 265 1617 75
288 1573 352 1610 ΞΥ.
394 1585 474 1610 non
505 1579 573 1610 est.
635 1572 712 1612 CH.
756 1571 1002 1612 Callinicus?
1058 1575 1123 1613 ΞΥ.
1157 1587 1237 1613 non
1268 1581 1338 1612 est.
1396 1572 1475 1611 CH.
1508 1571 1622 1611 Calli-

1045 1642 1256 1679 marchus?
1313 1641 1376 1679 SY.
1410 1639 1506 1677 nihil
1526 1638 1618 1689 agis.

287 1716 416 1752 neque
432 1704 534 1742 adeo
551 1705 692 1754 edepol
710 1704 823 1742 flocci
842 1705 953 1752 facio,
971 1707 1133 1756 quando
1154 1714 1310 1757 egomet
1332 1705 1494 1745 memini
1511 1704 1619 1743 mihi.

287 1769 364 1807 CH.
397 1776 435 1807 at
457 1768 561 1807 enim
584 1769 695 1807 multi
720 1770 932 1809 Lesbonici
954 1779 1045 1810 sunt
1065 1771 1152 1810 hic:
1184 1772 1258 1810 nisi
1279 1785 1426 1811 nomen
1447 1771 1566 1822 patris

286 1833 404 1881 dices,
443 1847 523 1872 non
559 1842 746 1874 mostrare
780 1836 875 1875 istos
907 1850 1069 1886 possum
1099 1837 1280 1876 homines
1308 1851 1408 1888 quos
1435 1845 1477 1876 tu
1504 1849 1620 1887 quae·
1640 1846 1708 1882 920
1746 1851 1747 1867 ³

1513 1901 1615 1940 ritas.

286 1965 394 2014 quod
415 1966 465 2003 ad
486 1967 710 2015 exemplum
733 1968 821 2005 est?
850 1967 1076 2006 coniectura
1097 1967 1127 2005 si
1144 1967 1311 2019 reperire
1331 1980 1552 2019 possumus.

226 2035 267 2066 80
287 2031 350 2068 ΞΥ.
394 2031 444 2068 ad
484 2031 560 2069 hoc
596 2033 820 2081 exemplum
851 2040 932 2070 est:
972 2046 1022 2070 an
1053 2034 1232 2072 Chares?
1274 2047 1323 2071 an
1355 2033 1619 2072 Charmides?

1128 2099 1205 2137 CH.
1238 2112 1333 2137 num
1355 2098 1620 2138 Charmides?

329 2210 393 2239 904
417 2209 517 2239 quam
546 2199 805 2231 Rsttcrslmsius:
840 2201 919 2239 quia
945 2201 1014 2232 cod.
1189 2212 1254 2241 905
1287 2203 1419 2242 quicum
1446 2202 1617 2234 Fleckeisen

285 2244 352 2282 906
375 2244 405 2273 ci
425 2254 548 2274 nomen
566 2249 618 2274 est
635 2243 668 2273 Β
686 2245 757 2284 (vix
768 2249 831 2284 pro
848 2244 878 2274 ei
896 2246 1070 2282 nomenst)
1195 2246 1340 2285 dedepol
1357 2246 1423 2276 cod.
1551 2257 1615 2286 907

286 2287 341 2317 ille
358 2288 409 2318 ed.
428 2287 494 2318 cod.
514 2299 520 2318 z
544 2298 622 2319 corr.
644 2287 854 2318 Camerarius
962 2299 1027 2328 909
1051 2289 1211 2320 concluso
1229 2289 1296 2320 cod.
1409 2299 1472 2329 913
1498 2290 1614 2331 modo]

286 2331 386 2361 homo
403 2330 478 2360 PCD
498 2331 548 2370 (cf.
568 2331 613 2361 ατί
624 2331 722 2362 Poen.
739 2333 821 2370 9265
948 2333 1014 2363 CH.
1038 2333 1110 2363 fieri
1127 2337 1177 2365 etc.
1195 2333 1262 2365 cod.
1405 2343 1468 2373 915
1493 2334 1519 2365 C
1536 2334 1614 2365 add.

282 2372 428 2414 Scahgrer
546 2377 609 2413 916
634 2375 759 2406 Callias
778 2375 933 2405 Gm'elus:
967 2376 1112 2407 callicias
1134 2376 1200 2408 cod.
1321 2387 1388 2416 919
1411 2383 1512 2417 atque
1538 2388 1567 2410 e.
1586 2377 1618 2407 Β

283 2428 349 2459 920
374 2428 511 2458 possum
530 2419 612 2449 istos
629 2419 718 2450 cod.:
743 2420 816 2452 trm'.
841 2419 943 2450 Bothe
1118 2431 1182 2460 92²
1207 2421 1454 2461 exemplumst:
1481 2421 1613 2452 Char—
