1747 2740
185 140 232 178 V.
255 140 301 177 iv
681 139 728 176 T.
763 137 944 178 MACCI
976 138 1181 175 PLAVTI

256 252 320 291 SA.
364 250 465 290 mica
504 250 590 289 ute‘r
628 250 759 289 utrubi
802 249 1098 289 accumbamus.
1187 250 1268 289 ST1.
1311 249 1376 288 abi
1415 255 1457 287 tu
1496 261 1592 288 sane

1401 313 1590 364 superior.

198 398 235 430 15
254 390 374 433 atque
394 383 496 421 adeo
517 389 559 420 ut
580 388 621 420 tu
643 381 741 420 scire
763 380 900 431 possis,
925 387 1042 431 pacto
1063 393 1136 430 ego
1157 380 1234 419 hoc
1255 378 1386 418 tecum
1408 379 1571 418 diuido:

254 448 358 496 uide,
381 456 508 486 utram
530 447 601 487 tibi
622 448 731 487 lubet
752 446 871 485 etiam
893 460 998 485 nunc
1020 459 1171 497 capere,
1193 459 1291 495 cape
1312 444 1569 496 prouinciam.

255 515 319 552 SA.
361 513 458 564 quid
489 513 590 552 istuc
624 520 682 552 est
721 511 979 563 prouinciae?
1046 512 1126 551 ST1.
1160 518 1291 549 utrum
1331 510 1502 550 Fontine
1539 523 1590 549 an

1446 575 1591 614 Libero

254 643 463 694 imperium
484 650 523 682 te
544 642 722 683 inhibere
744 642 900 682 mauis?
957 643 1021 681 SA.
1054 642 1178 680 nimio
1198 641 1351 692 liquido
1374 640 1530 680 Libero.
1611 655 1680 689 700

255 710 325 748 sed
343 708 470 748 amica
491 721 579 747 mea
601 716 639 747 et
660 716 727 747 tua
748 709 845 747 dum
873 711 1037 748 †cenat†
1058 708 1237 757 dumque
1257 720 1299 745 se
1320 707 1494 754 exdmat,
1517 718 1591 744 nos

1497 772 1592 809 uolo

195 854 237 879 20
310 846 444 878 tamen
465 839 601 878 ludere
621 837 722 877 inter
742 851 826 877 nos.
877 845 1090 888 strategum
1107 845 1145 876 te
1161 837 1264 876 facio
1281 836 1373 876 huic
1389 836 1589 875 conuiuio.

311 905 391 944 ST1.
423 904 591 942 nimium
625 904 756 955 lepide
791 904 831 942 in
865 911 1039 942 mentem
1078 903 1189 942 uenit
1226 916 1347 954 quam
1385 902 1518 953 potius
1551 902 1592 940 in

1404 966 1593 1006 subsellio

309 1035 447 1085 cynice
460 1032 558 1088 [hic]
575 1034 791 1085 accipimur
807 1047 926 1085 quam
944 1033 1008 1074 †in
1025 1032 1198 1072 lecticisi·
1216 1036 1222 1071 Ξ
1255 1034 1320 1071 SA.
1345 1032 1468 1071 immo
1484 1032 1591 1071 enim

970 1098 1094 1137 nimio
1115 1098 1179 1137 hic
1201 1098 1323 1148 magis
1343 1106 1402 1137 est
1422 1098 1589 1137 dulcius.

310 1168 381 1206 sed
401 1166 567 1213 interim,
592 1174 759 1216 stratege
779 1174 922 1212 noster,
947 1178 1019 1215 qur
1039 1164 1104 1203 hic
1125 1172 1251 1203 cessat
1273 1165 1514 1203 cantharus?
1612 1173 1677 1210 705

257 1232 350 1272 uide
380 1240 477 1283 quot
507 1233 670 1282 cyathos
700 1231 885 1270 bibimus.
946 1232 1026 1270 ST1.
1059 1237 1117 1269 tot
1141 1238 1239 1281 quot
1268 1229 1379 1281 digiti
1401 1229 1472 1268 tibi
1502 1237 1593 1268 sunt

1393 1295 1434 1334 in
1459 1308 1590 1334 manu.

198 1375 238 1408 25
258 1362 390 1402 cantio
412 1364 599 1402 Graecast
620 1378 626 1401 :
657 1362 681 1413 ἢ
700 1363 800 1402 πέντ’
820 1361 843 1413 ἦ
862 1363 945 1413 τρία
964 1363 1038 1400 πῖν’
1059 1360 1082 1411 ἦ
1102 1361 1154 1411 μὴ
1174 1362 1341 1411 τέτταρα.

258 1431 323 1468 SA.
346 1428 417 1467 tibi
438 1428 617 1479 propino.
678 1429 893 1467 decumum
914 1441 937 1465 a
957 1428 1065 1465 fonte
1086 1426 1157 1465 tibi
1173 1433 1257 1465 tute
1276 1426 1381 1473 inde,
1404 1425 1436 1464 si
1458 1425 1572 1477 sapis.

258 1494 360 1534 bene
381 1507 464 1541 uos,
488 1495 591 1532 bene
612 1506 700 1541 nos,
720 1493 822 1532 bene
843 1500 895 1541 te,
916 1493 1019 1531 bene
1046 1504 1123 1539 me,
1143 1491 1247 1531 bene
1271 1498 1447 1530 nostram
1474 1491 1593 1530 etiam

1307 1555 1592 1607 Stephanium!

258 1627 338 1665 STi.
370 1625 464 1664 bibe
503 1624 534 1663 si
574 1624 678 1663 bibi’.
753 1625 816 1663 SA.
859 1636 940 1662 non
973 1636 1082 1662 mora
1122 1622 1193 1661 erit
1225 1623 1331 1673 apud
1364 1635 1438 1660 me.
1509 1622 1589 1660 ὃτι.
1611 1633 1682 1668 710

1095 1687 1239 1739 edepol
1260 1686 1421 1726 conuiui
1442 1694 1501 1725 sat
1522 1695 1594 1734 est,

259 1758 382 1796 modo
401 1763 535 1794 nostra
555 1756 634 1794 huc
653 1754 781 1793 amica
800 1755 965 1793 accedat
985 1769 991 1792 :
1021 1753 1062 1793 id
1082 1754 1208 1801 abest,
1223 1752 1330 1792 aliud
1351 1752 1448 1791 nihil
1468 1753 1591 1792 abest.

302 1861 367 1900 696
392 1863 477 1891 mica
490 1859 604 1900 scripsi
614 1859 667 1900 (sc.
683 1858 811 1897 digitis*
831 1860 872 1890 fv.
890 1868 921 1897 p.
939 1857 998 1897 81)
1014 1868 1021 1887 τ
1045 1857 1152 1887 amica
1169 1856 1222 1887 P:
1246 1868 1278 1893 m
1296 1880 1304 1887 .
1323 1880 1331 1888 .
1353 1881 1360 1888 .
1377 1866 1450 1896 cern
1463 1856 1496 1887 A
1512 1857 1592 1896 (³an

259 1904 396 1943 micem)
458 1909 532 1934 uter
553 1913 620 1936 om,
639 1902 671 1932 A
692 1906 728 1932 ut
742 1902 806 1933 vid.
828 1902 888 1940 (iii.
914 1902 944 1937 ι)
1064 1902 1128 1940 697
1155 1900 1242 1931 sacto
1259 1900 1293 1931 Ρ
1349 1905 1460 1931 tecum
1478 1901 1544 1932 hoc
1562 1900 1596 1931 Β

258 1950 325 1987 698
350 1958 432 1987 cape
445 1958 511 1978 om.
530 1946 563 1976 A
682 1947 748 1985 699
771 1945 822 1976 vel
834 1944 1021 1984 prouinciai
1112 1944 1239 1975 fontale
1256 1942 1290 1974 P
1397 1953 1457 1983 701
1483 1950 1593 1975 cessat

263 1992 370 2031 Coele,
386 1991 513 2022 Scltoell
528 1990 574 2029 (A
592 2001 624 2021 n.
646 1990 680 2022 m
696 2001 701 2019 z
718 1990 798 2030 fort.
816 1998 933 2019 cenam
1001 1988 1051 2019 vel
1065 1988 1178 2027 dumq’
1272 1997 1378 2027 702-5
1392 1987 1472 2026 fort.
1493 1988 1591 2019 troch.

261 2040 400 2076 systema
513 2045 575 2074 702
600 2035 717 2065 ludere
743 2034 831 2064 inter
855 2042 919 2063 nos
942 2037 1057 2063 tamen
1085 2032 1128 2070 (ἒ)
1152 2030 1218 2062 Leo
1306 2031 1371 2062 hue
1387 2029 1421 2061 Ρ
1528 2041 1593 2072 703

262 2084 374 2110 mente
391 2078 423 2109 P
489 2089 521 2118 p.
539 2089 570 2118 q.
592 2077 679 2108 codd.
698 2089 704 2107 z
729 2076 839 2107 traieci
968 2086 1030 2115 704
1056 2075 1110 2106 hic
1126 2086 1192 2106 om.
1209 2074 1243 2106 P
1322 2075 1355 2105 in
1373 2074 1470 2106 lectis
1488 2074 1591 2106 Pius:

251 2124 332 2163 sort.
355 2122 510 2154 inlectlce
528 2122 584 2161 (ut
600 2125 607 2139 ‘
621 2121 789 2152 accubuo'
816 2119 910 2151 Truc.
927 2120 1007 2158 422)
1112 2119 1248 2149 nimium
1268 2119 1343 2159 (pro
1360 2119 1406 2148 -io
1419 2118 1446 2157 ἓ)
1464 2118 1516 2149 hic
1533 2118 1567 2149 A
1584 2129 1591 2148 ε

260 2168 314 2198 hic
332 2167 438 2206 magis
455 2171 505 2197 est
525 2165 562 2206 (i.
577 2176 599 2196 e.
620 2164 788 2204 magest2)
810 2163 855 2194 P:
880 2162 1021 2202 conflavi
1105 2172 1166 2201 707
1191 2168 1244 2193 est
1260 2172 1363 2202 greca
1380 2160 1413 2192 Ρ
1470 2171 1592 2202 graeca

261 2215 322 2241 aut
344 2210 442 2241 rubro
463 2210 560 2240 colore
581 2213 641 2240 ant
661 2207 798 2239 omnino
815 2217 881 2238 non
897 2207 1022 2246 scripsit
1036 2206 1069 2237 A
1089 2218 1096 2237 :
1120 2212 1268 2246 cepente
1289 2206 1369 2244 pine
1391 2209 1426 2236 et
1449 2205 1592 2245 trispine

261 2259 353 2286 emet
370 2259 403 2285 et
420 2259 492 2284 tara
509 2253 541 2283 P
671 2253 734 2291 708
758 2251 931 2282 decumam
951 2249 983 2279 Ρ
1068 2250 1127 2281 tibi
1146 2250 1233 2281 tute]
1253 2249 1346 2280 tibite
1362 2248 1396 2279 A
1485 2250 1519 2279 in
1536 2249 1596 2279 hoc

260 2309 355 2330 versu
382 2297 485 2336 defici!
509 2296 541 2326 A
694 2305 765 2334 7¹0-
794 2305 851 2334 71¹
880 2295 1082 2324 retractatori
1103 2293 1233 2325 ascribit
1260 2293 1396 2334 langen
1423 2293 1595 2333 (‘scn'plos

264 2346 301 2373 u!
320 2343 353 2372 in
374 2343 473 2372 vicem
487 2338 685 2371 comederent
702 2349 857 2370 versuum
877 2347 1003 2377 712-35
1019 2338 1026 2354 ’
1047 2336 1125 2368 Leo}
1218 2346 1281 2377 710
1305 2337 1381 2367 bibe
1398 2333 1594 2367 scutarius:

263 2387 358 2418 bibes
374 2385 439 2416 cod.
514 2384 562 2415 vel
577 2384 651 2414 med
