1747 2740
582 145 930 184 TRINVMMVS
1371 142 1423 180 II.
1449 140 1479 177 il

94 273 175 300 non
205 273 253 300 eo
282 259 381 298 haec
410 260 512 305 dico,
541 257 636 308 quin
668 271 769 308 quae
799 264 840 295 tu
873 256 932 294 uis
963 269 1036 305 ego
1064 254 1182 293 uelim
1216 262 1254 292 et
1286 253 1425 291 faciam
1447 257 1490 287 60

1262 319 1403 357 lubens
1421 334 1427 356 ;

93 391 164 430 sed
194 404 268 441 ego
297 391 374 429 hoc
405 389 570 428 uerbum
601 402 723 439 quom
755 387 808 426 illi
840 386 1028 438 quoidam
1059 385 1161 432 dico,
1185 391 1428 436 praemostro

1343 448 1425 496 tibi,

93 528 135 560 ut
156 520 209 559 ita
230 528 267 559 te
287 519 452 559 aliorum
475 519 710 565 miserescat,
735 533 784 558 ne
805 518 853 557 tis
873 517 970 557 alios
992 517 1183 556 misereat.

95 587 162 624 Lv.
195 586 374 624 deserere
395 585 504 623 illurn
526 592 564 623 et
585 584 772 623 deiuuare
794 583 832 621 in
855 583 971 622 rebus
991 581 1170 621 aduorsis
1192 580 1325 630 pudet.

6 659 70 697 345
94 652 169 688 PH.
200 652 267 701 pol
288 652 436 701 pudere
458 664 577 701 quam
598 649 729 700 pigere
751 656 920 700 praestat
942 648 1108 687 totidem
1130 646 1277 685 litteris.

93 717 163 754 LY.
187 717 341 766 edepol,
363 717 484 755 deum
506 715 651 754 uirtute
671 715 813 762 dicam,
836 722 955 766 pater,
979 721 1017 753 et
1038 712 1231 752 maiorum
1252 719 1291 750 et
1308 719 1374 750 tua
1447 710 1489 754 65

92 783 215 820 multa
234 782 340 820 bona
361 782 463 820 bene
484 789 594 832 parta
615 782 818 827 habemus,
842 781 944 819 bene
965 779 995 818 si
1017 778 1147 818 amico
1168 777 1305 817 feceris

91 861 141 886 ne
161 846 291 898 pigeat
311 846 462 894 fecisse,
486 855 527 885 ut
549 846 679 897 potius
701 847 848 897 pudeat
869 845 900 884 si
921 859 1001 884 non
1023 844 1171 884 feceris.

92 915 166 951 PH.
199 914 249 951 de
270 913 421 963 magnis
441 912 589 952 diuitiis
611 912 640 950 si
663 911 759 962 quid
780 913 927 958 demas,
950 912 1037 961 plus
1059 911 1100 948 fit
1120 923 1171 948 an
1193 908 1356 947 minus?

3 988 72 1026 350
92 979 162 1016 Lv.
196 977 327 1025 minu',
351 985 459 1028 pater
474 992 485 1025 3
514 979 584 1016 sed
605 976 682 1016 ciui
705 976 858 1015 inmuni
879 975 963 1014 scin
985 974 1081 1026 quid
1102 974 1249 1013 cantari
1271 975 1400 1012 solet?

89 1044 228 1094 ‘quod
258 1043 380 1082 habes
410 1043 459 1082 ne
491 1043 639 1082 habeas
669 1049 707 1081 et
738 1042 830 1081 illuc
862 1042 971 1092 quod
1002 1054 1082 1079 non
1113 1040 1236 1079 habes
1265 1040 1425 1086 habeas,
1448 1047 1490 1084 70

1265 1106 1428 1153 malum,

90 1173 418 1225 quandoquidem
440 1188 514 1213 nec
535 1173 606 1212 tibi
627 1174 729 1212 bene
750 1187 835 1212 esse
855 1181 947 1223 pote
969 1171 1048 1223 pati
1070 1185 1200 1222 neque
1220 1170 1354 1209 alteri.'

92 1241 167 1277 PH.
199 1239 282 1278 scio
303 1239 490 1290 equidem
513 1239 612 1278 istuc
634 1238 687 1277 ita
708 1240 832 1278 solere
854 1237 936 1277 fieri
955 1253 964 1286 3
994 1251 1143 1283 uerum,
1167 1244 1283 1287 gnate
1305 1235 1370 1282 mi,

89 1303 121 1343 is
138 1311 196 1343 est
217 1304 390 1343 inmunis
411 1304 506 1355 quoi
528 1304 625 1343 nihil
647 1312 704 1361 est
726 1303 793 1354 qui
815 1317 958 1342 munus
981 1304 1164 1353 fungatur
1184 1315 1310 1340 suom.

3 1379 68 1416 355
91 1372 161 1408 Lv.
193 1372 314 1410 deum
336 1370 481 1410 uirtute
501 1370 694 1409 habemus
717 1377 756 1408 et
777 1369 843 1419 qui
865 1376 1020 1408 nosmet
1042 1375 1208 1415 utamur,
1232 1374 1352 1418 pater,

88 1443 126 1474 et
146 1435 231 1474 aliis
252 1435 319 1486 qui
341 1435 517 1475 comitati
539 1435 661 1474 simus
683 1434 1025 1474 beneuolentibus.
1447 1443 1486 1478 75

90 1503 164 1540 PH.
188 1515 269 1540 non
291 1502 434 1552 edepol
456 1501 526 1540 tibi
548 1514 761 1552 pernegare
777 1513 939 1551 possum
957 1499 1170 1550 quicquam
1189 1500 1297 1549 quod
1315 1497 1422 1537 uelis.

89 1566 232 1617 quoius
253 1574 468 1617 egestatem
490 1568 654 1606 tolerare
675 1566 735 1605 uis
752 1567 768 1604 ?
799 1564 1019 1619 [e]loquere
1040 1566 1228 1604 audacter
1247 1563 1357 1614 patri.

91 1634 160 1671 Lv.
195 1632 420 1671 Lesbonico
441 1632 534 1670 huic
554 1631 810 1678 adulescenti,
836 1629 1063 1671 Charmidei
1088 1629 1178 1676 filio,

2 1701 72 1746 360
89 1698 157 1749 qui
184 1697 263 1737 illic
291 1697 452 1736 habitat.
515 1699 590 1735 PH.
622 1696 717 1747 quin
747 1696 922 1735 comedit
952 1697 1060 1745 quod
1091 1694 1173 1741 fuit,
1206 1696 1314 1745 quod
1344 1708 1426 1734 non

1326 1760 1396 1798 fuit
1410 1762 1427 1798 ?

90 1830 160 1868 Lv.
194 1842 243 1868 ne
267 1828 478 1880 opprobra,
499 1835 608 1878 pater
622 1843 632 1876 3
663 1829 785 1866 multa
809 1827 998 1866 eueniunt
1026 1825 1177 1865 homini
1205 1839 1307 1875 quae
1328 1827 1423 1873 uolt,
1445 1829 1486 1860 80

1153 1905 1254 1941 quae
1276 1892 1422 1930 neuolt.

132 2010 196 2039 343
222 1999 363 2030 miseres
383 2009 465 2030 cane
481 1999 529 2029 tui
546 1998 631 2030 alius
648 1999 680 2029 P
808 2000 874 2038 346
897 1998 1054 2029 uirtutem
1074 1997 1106 2027 P
1244 2006 1306 2035 347
1333 1997 1426 2036 paria

88 2043 275 2074 habeamus
300 2042 334 2073 P
470 2053 535 2082 349
557 2044 728 2073 animinus
763 2042 795 2072 P
933 2052 996 2081 350
1021 2041 1147 2071 inmuni
1175 2040 1426 2081 [immunific0]s

88 2086 275 2127 scisP(iv.
299 2087 331 2124 Ι)
464 2096 523 2125 351
552 2087 641 2126 quod
668 2096 757 2116 nuuc
786 2096 852 2116 non
878 2085 911 2116 P
997 2085 1071 2116 hab.
1102 2085 1202 2115 uelim
1237 2084 1360 2115 malum
1388 2084 1422 2114 A

87 2140 151 2171 352
176 2131 312 2170 quando
338 2129 493 2169 equidem
521 2130 553 2159 A
667 2135 767 2170 potes
791 2129 825 2160 P
965 2139 1027 2168 354
1053 2128 1162 2159 minus
1187 2128 1221 2158 P
1361 2137 1423 2167 357

88 2175 178 2214 quod
196 2185 261 2205 om.
276 2174 309 2204 A
444 2175 509 2213 358
534 2173 669 2204 tolerari
684 2173 749 2204 Leo
839 2173 979 2212 loquere
996 2171 1029 2202 P
1108 2172 1193 2212 patri
1211 2172 1373 2203 audacter
1388 2171 1421 2200 A

89 2228 154 2258 359
176 2219 226 2249 vel
239 2218 436 2248 Charmides
454 2217 517 2258 g-cli
537 2217 569 2247 A
587 2230 593 2248 :
618 2218 675 2248 ·de
693 2217 737 2258 P)
885 2218 949 2255 360
973 2216 1051 2255 quia
1067 2216 1100 2246 A
1206 2215 1303 2256 quin]
1321 2216 1377 2254 qui
1396 2214 1429 2244 P

90 2272 156 2292 non
175 2263 219 2292 fui
237 2261 270 2292 P
379 2264 437 2300 361
467 2261 635 2300 exprobra
651 2261 684 2290 A
771 2260 891 2300 [mala]
911 2260 1013 2290 multa
1030 2260 1062 2289 A
1083 2260 1140 2299 (iv.
1154 2259 1188 2299 3)
1268 2261 1324 2299 qui
1344 2270 1373 2290 u.
1394 2258 1427 2288 P

89 2306 145 2345 qui
174 2317 205 2337 n.
227 2306 257 2336 Β
356 2316 420 2335 non
451 2305 520 2335 uolt
542 2305 574 2334 A
680 2308 834 2334 secuntur
849 2305 883 2334 in
901 2303 996 2334 va.
1018 2305 1093 2343 369,
1113 2304 1188 2343 368,
1206 2304 1240 2332 in
1257 2303 1289 2332 A
1311 2314 1339 2333 v.
1359 2304 1424 2341 369

89 2350 246 2389 (onn'ssis,
276 2353 313 2379 ut
342 2349 405 2380 vid.
435 2350 468 2379 iu
495 2349 633 2388 antiqua
664 2349 832 2388 nescioqna
864 2348 1040 2379 recensione
1070 2357 1120 2379 vv.
1153 2347 1303 2387 362-8):
1340 2357 1422 2377 corr.

89 2392 247 2433 Muretus,
266 2393 440 2424 Acidalt'ns
