1747 2740
652 162 944 201 POENVLVS
1396 166 1464 203 IV.
1485 166 1515 203 ii

138 275 211 313 Mt.
246 274 330 313 scin
351 282 393 313 tu
412 287 522 313 erum
543 281 654 312 tuom
676 287 766 312 meo
792 288 859 312 ero
886 287 971 312 esse
999 273 1204 312 inimicum
1233 275 1471 325 capitalem?

1280 342 1342 378 ΞΥ.
1376 340 1468 379 scio.

48 409 118 444 880
137 407 210 443 M1.
259 413 417 456 propter
449 406 746 443 amorem—SV.
789 418 950 442 omnem
985 418 1145 454 operam
1181 405 1322 454 perdis.
1396 407 1467 443 M1.

673 469 769 519 quid
791 469 898 507 iam?
942 471 1004 507 ΞΥ.
1038 469 1130 519 quia
1151 471 1314 508 doctum
1337 472 1467 510 doces.

134 538 207 574 M1.
249 535 345 586 quid
380 549 471 585 ergo
505 535 663 574 dubitas
699 534 794 585 quin
830 536 1011 573 lubenter
1041 542 1110 573 tuo
1140 549 1207 573 ero
1238 537 1340 574 meu'
1361 538 1470 586 quod

1322 602 1469 652 possiet

131 670 257 707 facere
296 668 412 707 faciat
447 669 558 715 male,
594 667 676 706 eius
713 667 881 706 merito?
929 675 1012 706 tum
1052 675 1185 706 autem
1225 667 1256 706 si
1291 668 1387 718 quid
1427 676 1468 707 tu
1489 675 1532 707 60

1288 733 1466 781 adiuuas,

129 813 178 837 eo
198 798 348 837 facilius
370 800 496 837 facere
517 798 669 848 poterit.
731 800 794 836 ΞΥ.
826 806 865 836 at
886 812 959 848 ego
982 799 1058 836 hoc
1079 806 1225 844 metuo,
1251 798 1432 848 Milphio.

131 866 204 902 Mi.
236 864 334 915 quid
358 872 415 903 est
437 865 547 914 quod
571 866 753 902 metuas?
801 866 864 903 ΞΥ.
899 865 994 902 (luni
1018 878 1084 902 ero
1105 863 1266 903 insidias
1288 864 1464 914 paritem‚

1116 943 1165 968 ne
1187 943 1250 970 me
1271 929 1462 980 perduim.

41 997 106 1042 885
128 995 159 1034 si
180 994 258 1034 eru'
282 1009 392 1034 meus
414 1009 477 1034 me
498 1009 583 1034 esse
604 996 805 1034 elocutum
828 994 1044 1045 quoiquam
1067 994 1221 1034 mortali
1241 995 1349 1042 sciat,

127 1062 317 1101 continuo
338 1062 369 1101 is
391 1076 453 1101 me
475 1077 522 1101 ex
543 1064 776 1112 Syncerasto
799 1062 1079 1112 Crurifragium
1102 1062 1246 1101 fecerit.

127 1129 199 1165 M1.
234 1141 452 1177 numquam
474 1128 617 1177 edepol
640 1126 814 1165 mortalis
837 1127 1046 1178 quisquam
1070 1129 1136 1166 fiet
1157 1142 1179 1167 e
1200 1142 1262 1167 me
1285 1129 1435 1177 certior,
1484 1135 1524 1175 65

125 1193 198 1231 nisi
219 1208 286 1232 ero
308 1195 397 1231 me'o
418 1192 486 1230 uni
508 1193 717 1240 indicasso,
740 1201 860 1243 atque
881 1193 915 1231 ei
937 1206 1098 1242 quoque
1120 1201 1161 1231 ut
1183 1207 1231 1232 ne
1253 1194 1431 1232 enuntiet

124 1258 164 1297 id
185 1273 270 1298 esse
290 1258 441 1297 facinus
469 1272 515 1297 ex
542 1260 608 1297 ted
633 1266 773 1297 ortum.
834 1260 897 1297 ΞΥ.
931 1260 1032 1297 male
1060 1260 1218 1298 credam
1244 1267 1281 1298 et
1303 1261 1460 1298 credam

1313 1332 1456 1364 tamen.

33 1396 102 1440 890
121 1390 192 1428 sed
221 1391 298 1428 hoc
328 1397 369 1428 tu
400 1397 532 1428 tecum
562 1388 725 1427 tacitum
755 1389 912 1428 habeto.
975 1391 1047 1427 M1.
1082 1388 1180 1428 Fide
1207 1403 1288 1428 non
1319 1390 1458 1429 melius

1273 1455 1453 1495 creditur.

118 1522 279 1571 loquere
301 1522 428 1571 (locus
449 1520 687 1570 occasioque
709 1520 784 1569 est)
806 1520 951 1558 libere:
982 1520 1045 1558 hic
1067 1520 1139 1559 soli
1161 1534 1307 1559 sumus.

117 1589 181 1625 ΞΥ.
214 1588 292 1625 eru'
313 1585 344 1625 si
366 1586 447 1624 tuo'
463 1587 546 1623 uolt
566 1587 692 1624 facere
710 1587 870 1635 frugem,
891 1599 1023 1624 meum
1046 1600 1153 1624 erum
1176 1588 1324 1636 perdet.
1376 1589 1449 1625 M1.
1475 1601 1514 1634 70

1144 1654 1212 1702 qui
1232 1652 1272 1691 id
1294 1656 1454 1702 potest?

116 1720 179 1757 ΞΥ.
212 1717 334 1756 facile.
397 1719 470 1755 Ml.
503 1718 563 1755 fac
597 1731 689 1767 ergo
723 1716 763 1755 id
801 1716 956 1756 ‘facile’
991 1731 1153 1755 noscam
1187 1731 1274 1767 ego,
1307 1726 1349 1756 ut
1389 1719 1451 1758 ille

1131 1783 1254 1833 possit
1274 1798 1447 1824 noscere.

112 1851 177 1888 ΞΥ.
209 1849 302 1899 quia
322 1848 621 1899 Adelphasium,
645 1849 764 1898 quzim
795 1862 882 1887 erus
913 1849 1071 1887 deamat
1101 1856 1200 1895 tuos,
1228 1848 1444 1899 ingenuast.

1086 1916 1158 1952 M1.
1192 1928 1272 1964 quo
1293 1916 1448 1954 modo?

25 1985 89 2028 895
111 1982 175 2019 ΞΥ.
207 1981 349 2019 eodem
372 1994 452 2030 quo
473 1993 581 2018 soror
602 1979 703 2018 illius
724 1981 844 2018 altera
865 1979 1123 2018 Anterastilis.

113 2047 185 2084 M1.
219 2047 320 2085 cedo
341 2045 408 2096 qui
433 2045 473 2084 id
498 2046 667 2085 credam.
727 2048 790 2084 ΞΥ.
824 2045 916 2095 quia
942 2045 1024 2083 illas
1052 2045 1146 2083 emit
1168 2045 1206 2083 in
1228 2046 1444 2085 Anactorio

1262 2113 1443 2161 paruolas

150 2218 210 2247 881
238 2217 336 2258 quin]
355 2217 409 2256 qui
428 2216 461 2246 P
562 2217 667 2258 quod]
688 2218 767 2256 quid
785 2217 816 2247 A
969 2217 1032 2256 883
1059 2217 1186 2256 poteris
1202 2216 1236 2246 P
1376 2219 1439 2256 884

106 2305 233 2344 pariter
248 2305 281 2334 A
354 2305 503 2344 perdiam
518 2304 551 2334 P
564 2304 641 2343 (aut
651 2310 710 2344 pro
725 2271 826 2335 -niim
841 2307 901 2335 au!
915 2313 950 2334 ΙΑ
962 2315 1002 2334 cx
1014 2305 1075 2334 vA‘u
1168 2305 1231 2342 885
1250 2303 1394 2335 locutum
1410 2304 1443 2335 P

105 2348 254 2388 mortalis
272 2348 304 2378 A
326 2349 439 2384 (etiam
456 2347 522 2378 PT»
635 2349 699 2379 888
723 2359 781 2379 ero
800 2349 855 2378 uni
875 2358 950 2378 meo
968 2348 1071 2378 Bothe
1188 2349 1254 2386 889
1271 2349 1320 2379 vd
1330 2349 1437 2382 telr'm

103 2391 208 2421 codd&
329 2393 388 2429 891
417 2391 522 2421 libera
534 2391 566 2421 A
679 2393 743 2431 892
761 2392 853 2422 uolet
867 2391 899 2420 P
986 2392 1097 2430 perdit
1114 2392 1146 2421 A
1282 2394 1345 2431 893
1371 2403 1436 2431 ego

102 2444 168 2465 om.
185 2433 218 2464 P
346 2436 411 2473 896
435 2435 519 2465 cedo
536 2434 608 2475 qui]
628 2436 722 2474 sequi
740 2435 772 2465 P
858 2435 890 2465 id
907 2445 974 2465 om.
996 2435 1028 2465 A
1122 2436 1266 2474 parudas
1283 2435 1316 2465 P

1287 2492 1347 2522 15*
