1747 2740
648 108 1062 148 TRVCVLENTVS
1470 108 1523 145 ΙΙ.
1546 106 1608 143 vii

245 218 419 267 militem,
438 219 502 257 hic
517 219 624 269 apud
647 232 709 257 me
730 219 798 268 qui
819 219 932 256 erat?
961 217 1077 255 huius
1099 224 1207 267 pater
1228 216 1335 267 pueri
1359 216 1436 255 illic
1456 224 1524 255 est.

406 298 530 335 usque
549 284 671 323 adicit
691 285 863 330 oculum,
887 283 1008 331 uissit,
1031 283 1123 329 adit,

246 349 387 388 mansit
405 365 412 388 ε
441 351 647 396 auscultat,
666 356 851 400 opseruat
871 362 990 399 quem
1012 349 1187 399 perdam.
1248 349 1319 388 (jx'.
1344 347 1436 387 noui
1459 349 1525 387 ho-

1234 413 1380 451 minem
1402 413 1524 452 nihili.

297 479 507 518 illicinest?
564 482 639 518 PH.
672 479 750 518 illic
770 487 840 518 est.
901 480 971 518 Cv.
1005 492 1068 517 me
1089 478 1262 517 intuetur
1280 492 1468 529 gemens;
1545 497 1588 529 50

101 548 171 582 600
296 545 408 583 traxit
429 560 476 583 ex
497 545 650 583 intumo
671 553 808 583 uentre
829 544 1068 595 suspiritum.

297 611 373 647 hoc
395 610 486 648 uide
505 614 510 648 !
544 610 731 648 dentibus
753 609 907 656 frendit,
933 609 998 648 icit
1020 611 1146 647 femur
1166 624 1174 655 ;

295 688 389 712 num
411 688 576 725 opsecro
597 689 688 714 nam
710 676 899 714 hariolust
921 675 987 726 qui
1016 675 1122 726 ipsus
1144 689 1185 713 se
1207 676 1418 714 uerberat?

188 806 335 844 STRAT.
368 819 474 844 nunc
495 820 568 855 ego
590 820 699 845 meos
720 806 874 845 animos
895 806 1091 845 uiolentos
1117 819 1327 856 meamque
1356 806 1451 844 iram
1479 820 1526 845 ex

1053 879 1212 922 pectore
1234 872 1310 910 iam
1332 885 1522 922 promam.

57 939 169 985 604-5
189 938 377 988 loquere:
408 938 514 976 unde
541 939 615 976 es?
653 937 794 988 quoius
816 940 889 976 es?
932 952 1004 988 qur
1030 940 1159 976 ausu's
1188 939 1240 976 mi
1268 938 1526 978 inclementer
1545 951 1585 984 55

981 1003 1144 1042 dicere?
1201 1004 1272 1043 Cv.
1306 1004 1522 1043 lubitumst.

186 1069 333 1108 STRAT.
367 1068 467 1107 istuc
497 1066 605 1122 ne[c]
628 1068 723 1106 mihi
751 1068 959 1120 responsis
1021 1070 1093 1108 Cv.
1126 1070 1212 1107 hoc.
1273 1082 1353 1107 non
1385 1083 1457 1120 ego
1488 1078 1526 1108 te

1275 1135 1389 1174 flocci
1410 1135 1522 1174 facio.

186 1201 334 1238 STRAT.
366 1199 463 1250 quid
485 1201 558 1238 tu?
601 1212 673 1250 qur
702 1212 797 1238 ausa
826 1212 867 1237 es
894 1199 1013 1238 alium
1040 1207 1077 1238 te
1098 1199 1229 1238 dicere
1249 1213 1380 1239 amare
1401 1201 1525 1239 homi-

1014 1267 1139 1304 nem?
1197 1268 1270 1304 PH.
1304 1266 1522 1305 lubitumst.

185 1333 332 1370 STRAT.
364 1330 428 1369 ain
459 1332 650 1370 tandem?
682 1330 808 1369 ·istuc
838 1331 1007 1382 primum
1039 1330 1222 1382 experiar.
1283 1339 1352 1369 tun
1384 1332 1525 1370 tantilli

1256 1397 1353 1436 doni
1373 1411 1521 1444 caussa,

33 1469 168 1512 609-10
187 1464 365 1501 holerum
396 1469 514 1513 atque
544 1475 721 1501 escarum
752 1470 790 1501 et
819 1476 1040 1513 posearum,
1070 1464 1282 1502 moechum
1314 1465 1521 1511 malacum,

1239 1528 1522 1576 cincinnatum,

184 1593 501 1642 umbraticulum,
525 1593 858 1643 tympanotribam
884 1606 1007 1641 amas,
1028 1593 1231 1632 hominem
1262 1608 1343 1633 non
1374 1596 1523 1634 nauci?
1542 1603 1584 1636 60

1085 1660 1156 1698 (ΞΥ.
1189 1673 1290 1709 quae
1312 1661 1409 1699 haec
1430 1664 1522 1700 res?

229 1767 294 1806 596
319 1765 457 1797 militem
482 1765 535 1796 hic
562 1765 651 1804 apud
678 1774 732 1795 me
760 1765 814 1804 qui
844 1769 916 1795 erat
942 1763 1092 1795 Sclzoell:
1127 1765 1184 1804 qui
1215 1764 1294 1796 ilitic
1322 1765 1402 1805 (illic
1428 1767 1520 1808 PCD)

186 1811 275 1851 apud
294 1820 346 1841 me
364 1814 437 1840 erat
454 1809 519 1840 cod.
542 1809 617 1850 (pro
630 1808 801 1848 quiiliteic‚
821 1809 841 1840 ι’.
856 1819 879 1839 e.
900 1809 955 1848 qui
973 1808 1113 1839 militem
1131 1808 1201 1846 hic)
1333 1819 1395 1849 597
1420 1812 1521 1842 adicit

187 1854 340 1891 (adiecit)
365 1853 498 1884 oculum
526 1853 605 1883 uisit
629 1851 797 1893 (Spengel)
823 1852 892 1883 adit
920 1852 1017 1892 (abiit
1042 1852 1196 1892 Spengel)
1223 1853 1350 1893 scripsi:
1391 1855 1521 1886 adiecta

186 1898 295 1929 culem
315 1898 411 1928 iussit
429 1897 484 1928 alii
502 1896 567 1927 cod.
672 1897 736 1935 598
753 1897 860 1927 mansi
875 1896 1061 1927 auscultaui
1082 1896 1260 1927 obseruaui
1281 1898 1342 1937 (—bi
1360 1898 1407 1938 B)
1420 1909 1519 1938 quem

186 1952 247 1982 per
268 1951 345 1972 nam
371 1941 461 1972 cod.:
504 1940 627 1971 correxi
755 1950 853 1979 quam
890 1950 959 1971 rem
989 1951 1084 1979 agam
1121 1940 1264 1982 Spengel
1438 1943 1519 1973 nihil

185 1986 251 2017 cod.
410 1994 474 2024 599
499 1984 564 2015 illie
581 1994 646 2023 que
664 1988 715 2014 est
732 1983 797 2014 illic
819 1989 872 2014 est
892 1983 956 2015 cod.
977 1996 984 2015 z
1018 1995 1096 2015 corr.
1124 1984 1292 2027 Ktesslz'ng
1455 1989 1521 2018 600

186 2029 384 2068 suspiritum
411 2028 645 2060 Camerarius:
684 2037 887 2067 suspensum
919 2029 988 2069 (-us
1012 2028 1057 2068 Β)
1093 2028 1159 2060 cod.
1192 2031 1272 2070 (pro
1303 2031 1430 2070 ευερῶ,
1460 2031 1518 2062 ale.

185 2073 399 2113 suspiritum)
533 2073 598 2102 602
623 2071 748 2102 ariolus
764 2070 830 2102 cod.
961 2073 1024 2110 603
1050 2072 1223 2104 uiolentus
1238 2074 1270 2104 Β
1359 2081 1522 2114 expector

186 2118 287 2148 etiam
305 2116 379 2146 ΡΕΟ
505 2117 613 2154 604—5
645 2116 732 2145 unde
757 2120 808 2145 est
832 2115 898 2146 cod.
1013 2117 1076 2146 inc.
1098 2127 1140 2148 m.
1160 2117 1233 2148 PCD
1344 2119 1520 2149 lubitumst

188 2160 347 2202 Spengel:
382 2159 492 2190 lubido
520 2160 607 2195 (iub-
634 2159 676 2195 Β)
705 2164 756 2190 est
784 2158 850 2190 cod.
884 2159 956 2200 (pm
987 2159 1144 2198 lubitust)
1322 2164 1387 2193 606
1419 2165 1519 2194 istuc-

188 2205 243 2235 ine
275 2204 355 2234 mihi
382 2204 595 2243 respondes?
634 2203 846 2234 Camerarius
957 2213 1137 2242 responsas
1161 2204 1235 2236 Ital.
1369 2209 1434 2238 608
1458 2212 1517 2238 tun

189 2248 309 2279 tantilli
322 2247 398 2278 Ital.
416 2259 423 2277 ι
447 2252 514 2277 tum
529 2247 658 2286 pentilli
674 2249 779 2285 (pert-
798 2247 843 2286 Β)
860 2246 946 2276 cod:
966 2251 1024 2277 tun
1043 2249 1137 2286 petili
1159 2249 1294 2288 Geppeti
1454 2253 1514 2281 611

188 2291 476 2332 tympanotribam
494 2289 583 2320 codd.
602 2289 766 2321 Fusciani
784 2300 809 2329 ι,
830 2300 892 2329 204
909 2301 915 2320 :
941 2290 1246 2331 lymphanotribarn
1263 2293 1327 2324 cod.
1435 2295 1518 2326 haec

189 2346 243 2366 res
259 2335 445 2366 saracenus
462 2346 468 2365 :
494 2334 626 2365 hercles
642 2333 709 2365 cod.
