1747 2740
704 133 998 173 POENVLVS
1450 131 1519 168 IV.
1542 130 1573 167 ii

95 264 165 299 920
183 249 250 288 ibo
280 249 382 287 intro
412 250 511 287 haec
540 254 583 286 ut
613 259 703 286 meo
733 259 800 285 ero
831 258 1059 284 memorem.
1120 257 1209 282 nam
1251 244 1329 281 huc
1365 242 1395 281 si
1430 249 1522 280 ante

1210 308 1320 347 aedis
1342 321 1520 354 euocem,

180 395 282 431 quae
316 378 523 419 audiuistis
559 379 692 424 modo,
725 391 832 415 nunc
866 376 897 415 si
932 377 1072 414 eadem
1104 376 1168 413 hic
1199 374 1339 413 iterum
1370 374 1519 420 iterem,

1317 439 1518 478 inscitiast.

233 525 300 551 ero
327 511 395 550 uni
425 510 557 562 potius
587 509 693 548 intus
721 522 787 548 ero
815 508 909 547 odio
930 521 1050 558 quam
1079 507 1143 545 hie
1165 506 1238 544 sim
1260 505 1376 545 uobis
1398 504 1522 543 omni·
1546 519 1607 541 100

1379 571 1521 609 bus.—

181 641 239 695 [di
261 642 500 689 inmortales,
524 648 672 692 quanta
692 641 836 687 clades,
860 646 1008 690 quanta
1028 640 1219 677 aduentat
1240 636 1441 676 calamitas

181 708 301 747 hodie
322 709 373 746 ad
400 709 507 746 hunc
537 709 723 746 lenonem
742 710 748 745 1
788 707 858 744 sed
883 718 957 756 ego
981 718 1088 743 nunc
1109 712 1167 743 est
1189 717 1311 754 quom
1334 717 1397 741 me
1418 716 1523 740 com-

1380 782 1520 807 moror.

92 853 157 889 925
180 840 233 878 ita
254 839 457 890 negotium
478 838 752 884 institutumst,
776 850 856 876 non
878 838 994 875 datur
1014 835 1182 875 cessatio
1197 850 1208 883 ς

180 906 272 944 naim
294 913 332 944 et
352 907 430 943 hoc
451 906 569 943 docte
591 904 884 942 consulendum
906 903 1015 952 quod
1038 902 1161 939 modo
1182 899 1495 939 concreditumst

179 980 217 1010 et
238 971 335 1009 illud
356 978 489 1008 autem
511 969 847 1008 inseruiendumst
868 967 1079 1006 consilium
1101 968 1370 1005 uernaculum.
1546 973 1605 1006 105

180 1050 334 1075 remora
354 1035 385 1073 si
407 1035 470 1081 sit,
490 1034 557 1084 qui
579 1036 724 1072 malam
747 1047 829 1072 rem
851 1032 948 1070 mihi
969 1034 1037 1071 det
1060 1032 1198 1070 merito
1220 1031 1365 1069 fecerit.

182 1116 288 1141 nunc
309 1102 410 1140 intro
427 1101 494 1139 ibo
511 1115 518 1138 ε
548 1102 645 1139 dum
666 1114 754 1138 erus
769 1100 958 1138 adueniat
974 1112 996 1136 a
1013 1100 1108 1145 foro,
1128 1097 1309 1148 opperiar
1325 1093 1522 1149 domi.—-]

689 1370 929 1420 ACTVS
979 1371 1025 1417 V

749 1473 956 1510 HANNo
1545 1469 1630 1506 V.i

93 1578 162 1612 930
291 1559 1232 1615 [Ythalonimualonuthsicorathisymacomsyth

290 1624 1382 1678 chymlaehchunythmumysthyalmycthybaruimysehi

288 1690 1092 1745 liphocanethythbynuthiiadedinbynuii

288 1757 1202 1810 byn]arobsyllohomalonimuybymysyrthoho

222 1876 287 1906 920
311 1875 468 1896 seuocem
486 1864 520 1895 P
657 1874 719 1903 921
746 1862 905 1894 audiuisti
932 1862 964 1892 P
1051 1862 1171 1892 iterem
1201 1871 1267 1892 ont.
1295 1860 1329 1891 Ρ
1457 1871 1522 1899 922

179 1921 238 1941 ero
263 1909 337 1950 uni]
365 1910 421 1939 uni
449 1908 594 1946 Cumas,
615 1912 653 1938 ut
674 1917 753 1938 vers.
782 1906 879 1938 trocl1.
899 1907 977 1946 fiat,
1006 1916 1089 1936 nam
1115 1916 1174 1935 ero
1198 1905 1256 1935 smi
1275 1904 1521 1944 vixserendum

180 1955 270 1985 intro
296 1964 356 1984 ero
382 1953 414 1983 A
538 1952 614 1982 obio
642 1952 676 1982 P
702 1952 745 1993 &B
767 1957 831 1992 pro
854 1951 899 1989 D)
1072 1959 1182 1989 923—9
1211 1949 1427 1979 retractatoris
1457 1959 1523 1979 esse

178 1998 332 2029 videntur
484 2006 547 2035 923
572 1996 700 2038 tqfspa)
729 1996 801 2035 (vix
818 1995 949 2026 clades&
976 1994 1008 2024 A
1117 1993 1256 2024 aduenit
1274 1992 1307 2022 P
1456 2003 1520 2032 924

178 2053 291 2073 moror
307 2042 339 2072 P
491 2051 555 2080 925
581 2041 640 2081 ita]
659 2041 692 2072 id
709 2040 741 2071 Ρ
894 2041 959 2079 926
984 2044 1084 2070 nocte
1101 2037 1134 2068 P
1227 2037 1317 2076 quod
1343 2036 1441 2067 modo
1461 2042 1524 2077 per

178 2084 343 2126 compend.
365 2095 424 2116 scr.
445 2084 478 2115 P
492 2085 681 2125 (quomodo
704 2084 739 2123 T,
757 2096 823 2125 quo
842 2086 942 2116 domo
960 2084 998 2117 Β.
1021 2084 1109 2124 quod
1128 2083 1227 2113 homo
1246 2080 1335 2121 PCD)
1455 2091 1517 2119 927

177 2129 306 2168 autem]
325 2139 441 2160 aurum
460 2129 491 2159 A
606 2131 671 2168 928
696 2140 828 2160 remora
852 2129 1065 2159 Cammam'ns
1082 2140 1088 2158 :
1114 2136 1224 2157 remor
1244 2125 1294 2156 P:
1319 2135 1470 2155 remoror
1483 2124 1516 2154 A

180 2174 257 2214 quia
274 2173 306 2203 A
440 2183 551 2213 930—9
574 2185 639 2205 om.
660 2174 693 2204 A
719 2174 792 2214 (vix
811 2178 944 2216 propter
965 2171 1210 2212 homoeoarch.)
1345 2170 1518 2199 verborum

181 2218 295 2249 ‹lim‘sio
306 2228 391 2258 qnae
401 2218 655 2258 interpunctione
665 2218 807 2249 indicata
820 2222 888 2249 erat
904 2219 938 2248 in
953 2219 985 2248 P
1000 2217 1137 2248 nonnisi
1151 2216 1184 2246 in
1199 2225 1248 2246 vv.
1267 2215 1377 2253 935—6
1390 2216 1518 2243 servata

180 2265 236 2293 est.
263 2260 314 2292 De
330 2266 394 2291 tolo
410 2262 474 2291 loco
490 2262 529 2299 cs.
550 2261 651 2293 Class.
672 2262 750 2294 Rev.
773 2273 821 2302 12,
843 2264 916 2302 362.
940 2262 1104 2303 Singulas
1120 2259 1264 2291 codicum
1283 2257 1518 2287 Palatium-um

181 2306 324 2336 lectiones
347 2317 503 2336 enarrare
528 2307 623 2336 nolui
755 2316 822 2346 930
845 2306 1058 2346 ythalonium
1095 2304 1125 2335 T
1140 2304 1191 2343 '‘f-
1221 2302 1307 2333 codd.
1343 2301 1463 2340 Rufini
1483 2301 1516 2330 in

182 2354 270 2381 metr.
312 2350 430 2381 Terent.
457 2351 522 2389 560
546 2350 591 2381 K.
617 2350 787 2381 halonium
813 2351 941 2381 ‘Poeni
967 2351 1083 2381 dicunt
1108 2349 1207 2379 deum
1235 2353 1268 2377 et
1296 2346 1517 2385 producenda

181 2394 310 2432 syllaba
328 2395 423 2424 metri
449 2395 557 2434 gratia
581 2395 665 2425 sicut
685 2394 791 2432 exigit
816 2394 990 2434 iambus')
1120 2402 1181 2431 931
1213 2391 1332 2430 eiybar
1357 2389 1515 2427 uimysthi

187 2436 260 2471 Tul
277 2438 339 2469 vid.
477 2448 542 2481 932
562 2438 694 2479 bynuii]
715 2439 762 2469 vel
778 2439 920 2479 bynuhii
1041 2446 1106 2479 933
1127 2435 1345 2466 hamolomirn
1365 2432 1516 2466 Tntvz'd.
