1747 2740
155 125 227 165 IV.

186 373 227 404 80

183 832 223 872 85

185 1234 226 1266 90

246 126 293 162 iv
673 125 719 163 T.
755 125 935 164 MACCI
968 124 1173 162 PLAVTI

246 234 342 273 mihi
376 248 537 285 quoque
573 233 784 272 Lucridem
815 233 976 272 confido
1008 234 1089 272 fore
1119 241 1168 272 te.
1227 234 1302 272 To.
1344 240 1386 272 tu
1415 233 1448 273 si
1476 235 1581 274 hanc

1427 299 1582 347 emeris,

245 379 463 417 numquam
494 366 624 404 hercle
654 365 760 402 hunc
791 377 967 403 mensem
999 370 1232 411 uortentem,
1260 364 1390 410 credo,
1417 363 1580 403 seruibit

1495 428 1577 467 tibi.

246 497 321 535 Do.
368 495 421 534 ita
459 495 576 534 uelim
617 494 779 545 quidem
819 495 960 533 hercle.
1019 495 1095 533 To.
1140 501 1274 545 optata
1312 501 1355 532 ut
1393 493 1579 533 eueniant

1246 572 1406 609 operam
1426 558 1576 598 addito.

242 626 339 665 nihil
359 628 490 666 adhuc
507 626 686 677 peccauit
703 625 832 665 etiam.
883 627 960 664 Do.
984 625 1052 663 ubi
1068 633 1110 663 tu
1126 633 1218 664 nata
1234 627 1305 663 es?
1333 626 1398 663 V1.
1421 632 1464 663 ut
1479 624 1576 663 mihi
1596 628 1667 672 630

243 700 365 731 mater
385 692 492 739 dixit,
517 692 555 729 in
577 692 718 738 culina,
743 691 782 729 in
802 692 948 741 angulo
969 691 1019 729 ad
1042 692 1195 729 laeuam
1218 703 1390 729 manum.

242 759 316 795 To.
349 759 447 796 haec
467 757 538 796 erit
559 757 629 796 tibi
652 758 777 795 fausta
799 756 978 795 meretrix
996 771 1003 793 :
1034 764 1161 794 natast
1183 755 1221 794 in
1243 755 1373 795 calido
1393 756 1494 803 loco,

245 821 311 860 ubi
332 836 458 860 rerum
481 822 659 861 omnium
682 822 876 860 bonarum
898 820 1048 872 copiast
1071 820 1322 871 saepissuma.

244 894 369 926 tactus
390 889 518 926 lenost
535 903 543 934 3
572 887 639 938 qui
660 895 812 938 rogaret
833 887 899 925 ubi
922 894 1013 925 nata
1034 894 1136 925 esset
1158 886 1317 934 diceret,

242 952 372 1003 lepide
393 953 493 992 lusit.
556 955 631 991 Do.
664 960 703 991 at
724 966 797 1003 ego
818 951 983 1003 patriam
1005 959 1042 990 te
1064 965 1158 1002 rogo
1179 965 1281 1002 quae
1302 951 1350 991 sit
1371 959 1447 990 tua.
1595 955 1662 1002 635

243 1021 305 1058 Vl.
339 1033 439 1070 quae
462 1019 557 1058 mihi
577 1019 635 1066 sit,
653 1018 727 1057 nisi
748 1020 845 1057 haec
866 1018 935 1057 ubi
956 1031 1062 1056 nunc
1078 1019 1196 1056 sum?
1227 1019 1304 1056 Do.
1326 1025 1365 1056 at
1381 1031 1455 1068 ego
1470 1016 1577 1056 illam

1206 1095 1353 1132 quaero
1373 1096 1475 1133 quae
1495 1082 1577 1121 fuit.

244 1151 308 1188 Vl.
341 1164 460 1189 omne
481 1164 553 1199 ego
574 1163 644 1200 pro
666 1149 789 1189 nihilo
811 1163 895 1188 esse
916 1150 1022 1188 duco
1043 1149 1152 1199 quod
1173 1148 1256 1196 fuit,
1279 1149 1441 1199 quando
1461 1148 1558 1187 fuit:

246 1222 447 1265 tamquam
482 1215 700 1264 hominem,
735 1216 897 1266 quando
935 1214 1109 1252 animam
1150 1213 1317 1260 ecflauit,
1354 1213 1450 1264 quid
1488 1227 1579 1253 eum

1207 1292 1372 1329 quaeras
1392 1278 1460 1329 qui
1480 1278 1581 1317 fuit?

243 1347 316 1384 To.
350 1345 402 1384 ita
432 1359 495 1384 me
525 1345 565 1384 di
598 1346 700 1385 bene
735 1352 881 1393 ament,
911 1344 1130 1395 sapienter!
1186 1352 1306 1395 atque
1340 1357 1389 1383 eo
1423 1343 1580 1383 miseret

1432 1416 1577 1449 tamen.

243 1477 311 1515 sed
334 1484 478 1523 tamen,
501 1475 622 1526 uirgo,
645 1490 746 1526 quae
772 1475 931 1526 patriast
957 1483 1033 1523 tua,
1056 1489 1127 1526 age
1153 1475 1205 1513 mi
1226 1483 1402 1514 actutum
1425 1474 1576 1526 expedi.
1598 1475 1665 1518 640

243 1541 339 1591 quid
372 1542 507 1580 taces?
552 1543 615 1578 V1.
658 1541 749 1580 dico
780 1541 989 1592 equidem:
1029 1541 1191 1591 quando
1226 1540 1290 1579 hic
1319 1540 1459 1588 seruio,
1482 1542 1580 1580 haee

1298 1605 1458 1656 patriast
1478 1619 1576 1645 mea.

245 1673 318 1710 To.
352 1672 429 1710 iam
451 1673 501 1710 dc
523 1671 621 1711 istoc
643 1685 776 1722 rogare
798 1671 936 1710 omitte
960 1672 1055 1722 (non
1077 1671 1190 1711 uides
1211 1672 1316 1710 nolle
1337 1671 1469 1722 eloqui
1482 1672 1517 1723 ?)

211 1754 224 1776 ς
246 1751 295 1777 116
316 1740 472 1776 suarum
495 1752 536 1777 se
558 1738 799 1777 miseriarum
822 1738 861 1776 in
884 1737 1114 1776 memoriam
1138 1738 1312 1777 inducas.
1374 1739 1450 1776 Do.
1483 1737 1580 1788 quid

1493 1805 1581 1842 est?

244 1876 434 1919 captusne
461 1876 519 1908 est
546 1871 685 1919 pater?
736 1871 799 1907 V1.
835 1883 914 1908 non
944 1877 1092 1920 captus,
1117 1870 1186 1908 sed
1211 1869 1320 1919 quod
1341 1868 1479 1907 habuit
1501 1865 1579 1921 [id]

1395 1933 1575 1985 perdidit.

289 2035 352 2072 627
379 2033 449 2064 sore
482 2032 530 2073 te]
565 2032 647 2072 sorte
682 2033 713 2062 A
850 2035 916 2073 629
941 2039 976 2064 ut
1010 2039 1121 2074 optata
1154 2033 1313 2065 eueniant
1345 2032 1401 2063 A:
1438 2039 1518 2073 opta
1544 2039 1579 2065 ut

246 2081 404 2111 eueniant
423 2081 645 2119 txconueniant
664 2082 747 2117 pne
766 2081 797 2112 P
927 2083 992 2120 632
1016 2077 1136 2113 c'allido
1149 2081 1182 2112 P
1312 2083 1376 2122 633
1400 2081 1578 2122 sepissime

246 2125 394 2164 (sepisse
417 2125 462 2164 B)
489 2124 522 2156 P
666 2127 729 2164 634
757 2130 866 2157 tactus
898 2131 950 2156 cst
983 2125 1059 2156 leno
1091 2126 1124 2157 P
1211 2126 1335 2165 rogarit
1358 2126 1415 2156 A:
1445 2130 1579 2165 rogarat

247 2168 456 2199 Camerarius
588 2171 651 2208 635
678 2174 710 2199 te
735 2169 834 2209 rogo]
860 2170 1020 2210 qu(ae)so
1046 2169 1078 2199 A
1107 2171 1181 2209 (ειη.
1206 2180 1292 2209 quae
1311 2169 1372 2202 sit&
1513 2170 1579 2208 636

245 2213 299 2250 qui
319 2212 338 2243 s.
359 2212 392 2242 A
413 2214 467 2253 (ex
483 2212 562 2251 638]
712 2213 773 2252 637
800 2213 900 2243 ducto
919 2213 949 2243 Ρ
1100 2215 1165 2253 639
1189 2212 1247 2253 eo]
1265 2213 1420 2252 equidem
1438 2211 1472 2242 Ρ
1485 2213 1580 2253 (ῒρνο

245 2256 400 2293 quidem3
425 2256 459 2294 rs
478 2256 630 2289 Skutsch,
652 2256 770 2287 Herm.
795 2266 847 2295 32.
873 2267 938 2295 94:
963 2261 1082 2296 anpro
1116 2258 1177 2297 Nae)
1204 2257 1417 2296 mequidem?
1465 2255 1513 2295 Cf
1535 2256 1583 2286 ad

244 2298 347 2329 Stsch.
367 2302 446 2338 3295
658 2301 717 2338 641
748 2300 897 2340 quando]
927 2300 1098 2340 [patriam]
1127 2300 1398 2340 quandoquidem
1417 2298 1522 2334 P<iv.
1548 2303 1577 2333 1)

245 2343 344 2382 hacc]
360 2343 420 2373 hac
440 2342 514 2383 513¹)
533 2343 582 2374 vel
598 2344 659 2373 lias
681 2343 832 2373 15²PCDN
846 2344 876 2373 Ι)
973 2345 1105 2382 642-56
1126 2350 1232 2384 panca
1251 2345 1284 2374 in
1302 2354 1455 2374 versuum
1481 2343 1580 2374 im'tu'tle

243 2390 371 2416 srrvata
386 2387 416 2416 A
576 2389 640 2426 642
665 2387 777 2426 eloqui
804 2387 1014 2418 Camerarius
1032 2399 1038 2417 z
1063 2388 1152 2426 loqui
1172 2388 1211 2425 P,
1231 2387 1263 2417 .-1
1283 2398 1314 2418 n.
1332 2387 1352 2417 Ι.
1514 2387 1578 2425 643

245 2431 381 2460 inducat
398 2430 516 2460 Dousa
535 2430 580 2471 (A
602 2441 633 2461 n.
653 2431 693 2472 l.)
852 2432 914 2469 644
940 2431 971 2461 id
989 2431 1048 2461 dcl.
1068 2431 1171 2462 Bothe
1189 2430 1236 2471 <A
1255 2442 1286 2461 n.
1308 2429 1347 2468 l.)
1365 2441 1372 2460 z
1397 2434 1472 2461 ante
1487 2430 1578 2469 quod

244 2475 317 2505 tras.
338 2473 465 2505 Schoell
