1747 2740
759 102 987 143 RVDENS
1519 102 1549 142 Ι.
1570 104 1616 141 iii

580 230 598 251 *
874 228 892 248 *
1169 228 1187 250 *

378 284 455 321 hoc
475 283 584 333 quod
605 281 744 320 induta
765 295 864 328 sum,
887 294 1065 319 summae
1086 294 1182 330 opes
1203 280 1365 330 oppido,
1573 293 1612 324 ²5

379 361 452 386 nec
472 347 563 385 cibo
584 361 656 385 nec
677 348 766 385 loco
789 353 891 384 tecta
912 360 992 396 quo
1013 345 1085 383 sim
1108 345 1214 383 scio:

379 427 480 463 quae
502 411 634 450 mihist
655 425 744 462 spes
766 425 844 461 qua
865 425 928 449 me
950 410 1083 449 uiuere
1105 409 1254 449 uelim?

128 491 197 516 210
379 492 451 516 nec
472 476 547 515 loci
568 490 687 526 gnara
707 489 794 514 sum
817 490 891 514 nec
912 475 1040 516 †diu†
1061 475 1125 513 hic
1146 474 1211 513 fui.

379 544 515 581 saltem
543 540 548 593 Ι
573 541 745 591 aliquem
767 541 887 579 uelim
909 540 976 590 qui
999 540 1094 578 mihi
1115 554 1161 579 ex
1182 539 1242 578 his
1263 539 1359 578 locis

482 615 550 645 aut
570 606 675 645 uiam
696 614 763 645 aut
784 605 966 644 semitam
988 613 1190 652 monstret,
1214 605 1266 643 ita
1288 619 1393 643 nunc
1573 618 1613 647 50

376 674 449 711 hac
469 686 519 711 an
542 672 628 710 illac
649 685 737 710 eam
759 671 908 710 incerta
929 684 1013 709 sum
1037 670 1175 709 consili
1193 685 1201 718 3

376 752 450 777 nec
470 751 591 788 prope
612 751 779 787 usquam
805 737 869 775 hic
890 735 1053 787 quidem
1074 737 1224 775 cultum
1245 749 1380 786 agrum
1402 734 1555 784 conspi-

1475 814 1552 839 cor.

127 880 192 916 215
376 872 493 920 algor,
518 883 632 916 error,
655 882 788 919 pauor,
814 882 877 906 me
898 867 1032 906 omnia
1053 875 1199 906 tenent.

377 936 474 974 haec
495 942 676 985 parentes
697 934 774 972 mei
796 935 873 972 hau
895 933 991 972 sciti’
1014 932 1143 972 miseri

104 1003 193 1037 216³
539 1013 601 1038 me
622 1013 728 1037 nunc
749 998 931 1037 miseram
954 1012 1039 1037 esse
1060 998 1112 1036 ita
1133 998 1188 1036 uti
1210 1012 1321 1036 sum:
1573 1013 1612 1044 35

268 1065 414 1104 leibera
434 1078 507 1115 ego
528 1071 717 1115 prognata
738 1063 792 1101 fui
815 1077 1009 1110 maxume,
1033 1063 1275 1113 nequiquam
1297 1062 1362 1101 fui.

322 1144 428 1169 nunc
449 1129 516 1180 qui
539 1129 659 1167 minu’
681 1128 810 1167 seruio
832 1128 944 1179 quasi
966 1142 1079 1167 serua
1100 1130 1222 1166 forem
1245 1129 1366 1166 nata?

214 1210 345 1247 neque
365 1195 579 1246 quicquam
601 1207 791 1245 umquam
813 1193 887 1232 illis
904 1193 1049 1244 profuit
1066 1193 1133 1244 qui
1151 1207 1214 1232 me
1230 1193 1304 1232 sibi
1321 1194 1551 1232 eduxerunt.

494 1306 826 1342 AMPEL'ISCA
940 1305 1275 1341 PALAESTRA
1576 1302 1622 1339 iv

129 1401 197 1426 220
215 1389 297 1426 AM.
331 1386 440 1437 Quid
468 1386 564 1425 mihi
592 1386 759 1433 meliust,
783 1385 879 1436 quid
908 1385 1030 1436 magis
1058 1385 1096 1423 in
1125 1393 1255 1433 remst,
1279 1399 1397 1436 quam
1425 1399 1448 1424 a
1474 1399 1554 1424 cor-

999 1465 1093 1501 pore
1114 1450 1236 1489 uitam
1258 1458 1301 1488 ut
1321 1451 1554 1489 seeludam?

214 1518 267 1557 ita
297 1519 399 1557 male
429 1517 523 1556 uiuo
549 1525 669 1568 atque
690 1515 743 1555 ita
771 1515 867 1554 mihi
896 1517 1042 1555 multae
1070 1516 1109 1554 in
1140 1524 1300 1566 pectore
1324 1523 1416 1554 sunt
1437 1530 1552 1555 curae

1301 1581 1549 1620 exanimales.

214 1649 267 1689 ita
296 1663 355 1688 res
383 1663 424 1688 se
454 1649 625 1687 habent:
661 1648 765 1687 uitae
795 1649 873 1686 hau
902 1661 1031 1698 parco,
1055 1647 1209 1698 perdidi
1239 1660 1350 1698 spem
1382 1661 1459 1697 qua
1490 1661 1552 1687 me

1288 1713 1550 1752 oblectabam.

213 1780 346 1820 omnia
367 1780 443 1819 iam
465 1779 768 1819 circumcursaui
790 1787 909 1830 atque
930 1779 1110 1818 omnibu’
1130 1778 1288 1817 latebris
1309 1778 1530 1829 perreptaui

212 1861 399 1898 quaerere
419 1859 666 1894 conseruam,
688 1859 798 1892 uoce,
823 1845 958 1893 oculis,
981 1845 1141 1883 auribus
1167 1853 1208 1883 ut
1232 1844 1548 1895 peruestigarem.
1573 1860 1590 1891 5

126 1928 192 1964 225
213 1926 343 1963 neque
363 1925 449 1951 earn
472 1925 639 1961 usquam
661 1910 824 1950 inuenio
840 1924 970 1961 neque
991 1924 1071 1961 quo
1088 1911 1175 1950 eam
1192 1924 1322 1961 neque
1343 1923 1421 1960 qua
1437 1924 1552 1960 quae-

1172 1990 1254 2014 ram
1275 1977 1549 2023 consultumst,

258 2066 338 2096 inter
355 2067 435 2096 206ἰ
452 2068 479 2095 el
495 2074 557 2103 207
580 2065 619 2102 (ἶ)
639 2062 870 2094 intercedebant
886 2062 952 2094 duo
968 2074 1079 2094 versus
1097 2064 1128 2093 A
1238 2064 1302 2094 208
1326 2063 1411 2093 freta
1426 2063 1467 2102 (2)
1486 2061 1552 2094 Leo

213 2120 277 2140 210
301 2109 374 2149 diu]
402 2108 468 2139 uidi
494 2113 551 2138 aut
578 2107 665 2138 Leo:
691 2108 871 2138 etiamdum
897 2107 1033 2147 Seyfflrt
1164 2116 1223 2136 211
1251 2107 1397 2146 aliquem
1430 2107 1549 2138 saltem

212 2153 348 2191 Sclmell,
376 2156 412 2182 ut
445 2153 569 2192 integer
597 2155 778 2182 tetrameter
798 2152 866 2191 fiat
1013 2161 1076 2190 213
1100 2151 1227 2180 incerta
1259 2161 1333 2180 sum
1369 2150 1527 2181 Gruterus
1543 2162 1550 2181 :

215 2196 448 2235 (incertaWs—
461 2196 513 2225 A:
546 2196 673 2225 incerta
695 2198 792 2234 (-tam
813 2195 887 2225 PsD
921 2194 986 2226 cod.
1002 2196 1098 2235 (Ἶρι-ο
1121 2195 1280 2234 incertas,
1299 2195 1318 2224 i.
1333 2206 1357 2225 e.
1379 2195 1444 2225 inc.
1459 2196 1549 2235 sum)

213 2251 276 2280 215
300 2252 366 2271 om.
392 2240 437 2274 A,
464 2240 530 2270 nisi
551 2238 681 2279 quidem
701 2244 778 2279 post
800 2249 863 2277 205
888 2240 1042 2268 (11111206η
1058 2239 1142 2268 stetit
1158 2238 1209 2278 (ii.
1228 2239 1266 2276 6)
1400 2239 1480 2267 2165ι
1504 2239 1550 2269 ita

213 2295 277 2316 om.
298 2284 383 2321 PU),
403 2283 436 2313 A
456 2295 486 2313 n.
506 2283 526 2312 l.
619 2292 681 2321 217
699 2293 764 2321 ego
782 2293 849 2313 om.
870 2282 902 2312 A
993 2282 1057 2312 218
1081 2292 1181 2321 quam
1199 2283 1227 2312 si
1246 2281 1333 2312 codd.
1353 2282 1400 2321 (A
1420 2282 1546 2321 int-ert.)

214 2338 278 2367 219
303 2328 384 2368 illis]
400 2329 439 2357 iis
454 2327 519 2361 (his
531 2326 576 2365 B)
593 2325 633 2362 P,
646 2326 732 2356 unde
747 2337 779 2356 n.
796 2337 827 2365 q.
850 2336 1029 2366 numquam
1047 2326 1075 2355 is
1092 2325 1220 2356 Habiclt
1325 2335 1390 2356 220
1405 2336 1423 2356 a
1437 2336 1501 2356 om.
1519 2326 1552 2356 P

214 2372 264 2402 vel
278 2371 346 2402 uti:
372 2381 438 2403 om.
453 2371 483 2401 P
600 2380 659 2399 221
687 2370 927 2400 exanimabiles
945 2370 976 2399 A
1111 2379 1174 2399 222
1198 2369 1252 2410 se]
1273 2369 1368 2409 ipsae
1386 2368 1417 2399 P
1432 2374 1468 2400 nt
1483 2369 1546 2400 vid.

215 2425 278 2454 223
301 2415 457 2445 omnibus
476 2415 506 2443 in
522 2414 658 2444 latebris
676 2413 708 2443 P
815 2424 877 2452 224
904 2414 1037 2453 querire
1050 2412 1082 2443 P
1146 2414 1320 2453 oculisque
1337 2413 1370 2443 A
1484 2423 1546 2453 225

217 2459 389 2498 Nequcam
407 2459 439 2488 P
