1747 2740
621 126 944 170 PSEVDOLVS
1391 128 1444 169 11.
1465 133 1480 169 i

171 254 278 280 nunc
308 240 513 279 inimicum
543 254 616 291 ego
646 242 753 280 hunc
782 255 1038 280 communem
1067 255 1198 280 meum
1234 250 1354 292 atque
1385 256 1451 281 uo-

1083 314 1250 345 strorum
1273 306 1452 345 omnium

34 375 96 419 585
174 370 393 409 Ballionem
415 370 673 409 exballistabo
694 370 848 420 lepide:
879 373 971 410 date
991 385 1151 421 operam
1175 373 1321 420 modo3
1477 390 1513 411 10

13 440 100 484 585a
173 437 250 474 hoc
271 450 344 486 ego
364 436 556 487 oppidum
578 436 808 475 admoenire
831 445 872 475 ut
894 437 1014 475 hodie
1035 437 1212 488 capiatur
1233 438 1336 476 uolo.

225 509 344 551 atque
379 502 456 539 hoc
488 514 594 540 meas
629 501 803 551 legiones
836 503 1061 542 adducam:
1104 501 1135 540 si
1165 503 1241 541 hoc
1271 516 1454 553 expugno

610 566 765 605 facilem
787 568 889 605 lianc
911 581 992 605 rem
1015 567 1112 606 meis
1133 567 1278 606 ciuibu‘
1299 567 1452 615 faciam,

116 638 204 682 post
224 632 276 671 ad
296 631 490 682 oppidum
518 633 595 671 hoc
623 640 736 671 uetus
758 633 949 672 continuo
975 646 1107 671 meum
1130 633 1341 671 exercitum
1371 647 1455 683 pro-

1104 697 1209 736 tinus
1230 699 1428 737 obducam
1447 714 1454 737 :

115 762 195 801 ind’
227 761 290 800 me'
325 770 364 801 et
398 761 514 800 simul
549 762 758 814 participes
792 763 923 802 omnis
959 776 1069 802 meos
1104 764 1250 813 praeda
1279 764 1455 802 onerabo

1127 836 1246 879 atque
1267 829 1452 880 opplebo,

224 900 374 931 metum
397 900 435 931 et
457 894 588 944 fugam
610 893 879 943 perduellibus
901 892 998 932 meis
1016 907 1079 932 me
1093 901 1135 931 ut
1156 893 1281 932 sciant
1302 902 1450 932 natum.
1477 910 1513 942 15

34 967 99 1003 590
172 971 221 996 eo
242 971 328 996 sum
350 971 492 1007 genere
512 965 678 1008 gnatus:
709 972 852 1009 magna
873 972 936 997 rne
958 958 1132 997 facinora
1152 959 1267 997 decet
1289 960 1453 998 ecficere

278 1036 380 1073 quae
401 1030 490 1072 post
511 1022 607 1060 mihi
628 1024 731 1061 clara
751 1031 789 1061 et
809 1023 878 1062 diu
900 1024 1067 1061 clueant.

116 1088 186 1127 sed
207 1088 314 1126 hunc
334 1101 454 1138 quem
482 1087 601 1126 uideo
622 1087 709 1137 quis
740 1087 804 1126 hie
831 1096 889 1126 est
916 1087 984 1138 qui
1011 1087 1136 1126 oculis
1167 1088 1264 1127 meis
1291 1088 1452 1127 obuiam

1048 1153 1231 1203 ignobilis
1253 1154 1451 1193 obicitur?

115 1218 224 1257 lubet
245 1217 343 1257 scire
363 1217 460 1268 quid
481 1217 545 1257 hic
566 1217 675 1256 uenit
696 1231 785 1256 cum
810 1219 1041 1257 macchaera
1061 1226 1099 1257 et
1120 1218 1212 1257 huic
1228 1232 1347 1269 quam
1369 1233 1451 1258 rem

925 1292 1014 1334 agat
1035 1284 1127 1323 hinc
1148 1285 1255 1323 dabo
1276 1285 1448 1324 insidias.

441 1396 679 1433 HARPAX
791 1396 1122 1433 PsEVDOLvs
1469 1398 1500 1436 ii

0 1485 94 1522 194—5,
117 1479 197 1515 HA.
232 1476 288 1515 Hi
310 1476 385 1515 loci
413 1485 505 1515 sunt
533 1485 653 1527 atque
680 1477 755 1515 hae
781 1476 959 1527 regiones
981 1490 1082 1527 quae
1110 1477 1162 1515 mi
1190 1478 1242 1516 ab
1268 1491 1333 1517 ero
1361 1486 1452 1517 sunt

1146 1544 1450 1591 demonstratae,

115 1615 157 1646 ut
186 1621 259 1657 ego
289 1606 414 1646 oculis
445 1606 636 1646 rationem
667 1606 782 1658 capio
807 1620 926 1657 quam
958 1607 1009 1646 mi
1041 1607 1094 1646 ita
1123 1608 1219 1647 dixit
1249 1610 1328 1648 eru'
1350 1611 1452 1648 meu'

1327 1674 1449 1721 miles,

115 1745 315 1788 septumas
336 1750 422 1776 esse
442 1736 552 1776 aedis
573 1751 595 1776 a
615 1736 729 1787 porta
749 1736 817 1775 ubi
839 1737 903 1776 ille
924 1737 1075 1776 habitet
1096 1739 1186 1776 leno
1208 1738 1301 1788 quoi
1323 1738 1435 1777 iussit

224 1803 448 1852 symbolum
472 1816 535 1840 me
558 1804 655 1841 ferre
676 1810 714 1840 et
737 1803 813 1841 hoc
834 1811 1051 1853 argentum.
1112 1803 1229 1841 nimis
1251 1803 1371 1842 uelim

223 1876 372 1907 certum
395 1867 462 1918 qui
484 1867 524 1907 id
546 1868 641 1906 mihi
662 1867 777 1906 faeiat
800 1868 926 1907 Ballio
947 1870 1038 1908 leno
1059 1868 1125 1907 ubi
1148 1868 1211 1907 hic
1232 1869 1393 1908 habitat.
1473 1882 1490 1912 5

29 1936 100 1971 600
118 1934 181 1972 Ps.
214 1941 248 1971 st
266 1937 272 1971 1

9 2000 97 2035 600⁸
224 2006 320 2046 tace,
356 2007 455 2046 tace,
488 2011 598 2038 meus
638 1998 702 2037 hic
740 2006 799 2037 est
834 2000 970 2047 homo,
1003 1999 1040 2037 ni
1078 2013 1216 2039 ornnes
1256 1999 1296 2039 di
1330 2008 1449 2051 atque

1046 2064 1228 2103 homines
1250 2066 1448 2104 deserunt.

160 2169 224 2208 584
241 2173 393 2200 nostrum
408 2167 498 2199 codd.
589 2169 667 2207 585a
686 2169 737 2214 (cf.
749 2169 828 2209 3845
847 2169 915 2200 secl.
935 2169 1062 2200 Rilsrlzl
1129 2170 1192 2201 hoc
1206 2171 1258 2201 die
1273 2169 1306 2200 P
1386 2173 1451 2210 586

118 2211 286 2252 veladque
346 2223 375 2243 a.
392 2217 427 2242 ut
445 2212 507 2242 hoc
527 2211 558 2241 P
614 2213 642 2243 si
658 2223 685 2243 e.
709 2214 788 2253 (ουτ.
807 2213 887 2243 hoc*¹
900 2214 932 2242 A
1006 2214 1024 2245 s.
1044 2214 1140 2255 [ego]
1163 2214 1249 2244 hanc
1266 2214 1299 2244 P
1385 2218 1448 2255 587

109 2256 190 2294 sorl.
204 2256 317 2295 postid
336 2256 377 2286 ad
398 2256 512 2295 (mmp.
531 2256 688 2293 octonar.)
758 2267 887 2287 mecum
907 2256 956 2287 P:
984 2258 1070 2296 proti
1086 2260 1167 2295 (om.
1186 2269 1248 2288 nus
1269 2259 1447 2299 obducam)

118 2299 151 2328 A
216 2301 281 2339 589
305 2310 358 2329 me
371 2299 480 2340 [esse]
496 2304 531 2329 ut
551 2298 583 2329 P
668 2310 731 2340 592
756 2301 805 2330 vel
817 2302 862 2331 sic
877 2299 1043 2341 dt'slingue
1060 2302 1181 2332 uideo?
1250 2302 1449 2341 ignorabilis

118 2341 152 2371 P
176 2345 220 2381 (v.
250 2353 275 2376 1.
303 2354 334 2383 p.
364 2344 417 2382 78)
554 2353 616 2381 593
641 2345 736 2374 uenit
767 2346 900 2384 scripsi:
941 2345 1055 2375 ueniat
1085 2346 1117 2374 A
1153 2347 1186 2376 «ἰ.
1213 2347 1240 2384 9>
1267 2358 1273 2376 :
1310 2346 1391 2377 uelit
1420 2346 1454 2377 P

118 2385 156 2416 de
169 2387 364 2418 macchaera
377 2388 412 2427 rs.
427 2386 535 2417 Ilarv.
554 2387 651 2417 hlud.
667 2398 699 2426 9,
716 2389 775 2418 126
857 2389 1011 2427 596—600
1023 2394 1132 2428 pauca
1143 2394 1271 2419 servata
1282 2390 1314 2420 A
1384 2393 1450 2429 596

119 2439 218 2469 quom
233 2430 328 2461 Coele
418 2440 479 2469 597
499 2431 627 2460 habitat
639 2431 672 2460 P
739 2432 834 2461 cuius
848 2433 891 2461 sit
904 2432 936 2461 P
1023 2442 1086 2470 599
1104 2433 1321 2472 certumfm'L
1334 2444 1400 2465 om.
1413 2436 1445 2465 A

118 2474 198 2512 quid
218 2485 259 2504 m.
277 2474 367 2505 codd.
396 2484 484 2514 porr.
503 2474 541 2514 C)
638 2475 808 2505 ooo-600⁸
828 2477 880 2515 {ss}
898 2475 975 2515 381}
992 2477 1060 2506 sfcl.
1082 2475 1161 2506 Rei:
1250 2478 1297 2518 st]
1320 2478 1346 2508 si
1364 2478 1396 2508 P
