1747 2740
624 135 1032 176 MOSTELLARIA
1449 135 1497 171 V.
1517 133 1533 170 i

14 263 144 304 1054-5
165 265 258 292 nam
289 251 372 292 scio
401 250 589 303 equidem
619 251 729 289 nullo
759 256 877 301 pacto
907 247 984 287 iam
1016 261 1100 287 esse
1131 260 1247 298 posse
1275 248 1374 286 haec
1398 247 1501 285 clam

1353 326 1499 352 senem.

161 397 242 423 non
263 383 414 423 amicus
435 382 534 421 alius
555 381 643 432 quis
774 395 792 415 *
907 394 925 414 εκ
1040 392 1058 411 *
1133 378 1271 416 riuabo
1293 391 1334 416 se
1445 393 1464 412 *

159 457 229 488 aut
380 462 398 482 *
513 461 532 483 ῆι
644 459 663 480 *
777 459 795 480 *
909 458 927 478 >z
1044 457 1062 477 25<
1179 457 1197 476 >a
1312 457 1329 477 »κ
1444 457 1462 477 *
1526 448 1562 481 15

161 527 232 565 pro
384 528 403 548 *
517 527 536 547 *
650 526 668 546 *
782 524 800 545 *
915 523 934 544 *
1048 523 1066 543 >3
1182 522 1200 542 >k
1313 522 1331 542 *
1445 522 1464 543 *

0 580 144 629 1059-60
162 579 227 618 ille
247 578 315 630 qui
385 593 403 613 *
517 592 536 613 >nc
651 590 669 610 *
785 590 803 610 *
918 587 936 608 *
1051 587 1069 607 ³1<
1129 587 1195 612 ero
1217 573 1333 612 Simul
1446 587 1464 608 ,ιε

163 643 466 696 praeoccupabo
480 650 600 693 atque
616 640 869 680 anteueniam
887 647 925 678 et
941 641 1081 679 foedus
1099 639 1245 678 feriam.
1278 652 1342 677 me
1359 651 1499 677 moror.

163 711 234 750 sed
254 709 352 761 quid
371 710 449 748 hoc
470 708 528 748 est
549 709 658 759 quod
681 706 764 745 fori'
786 705 1016 756 concrepuit
1037 718 1229 756 proxuma
1250 704 1424 743 uicinia?

163 777 242 815 eru'
263 788 374 814 meus
395 774 626 825 hicquidem
648 780 716 812 est.
777 780 931 823 gustare
952 785 1025 822 ego
1046 770 1129 810 eius
1151 783 1374 809 sermonem
1395 772 1500 809 uolo.
1524 785 1564 807 20

162 843 243 879 ΤΗ.
275 840 366 879 ilico
387 839 487 878 intra
507 839 628 879 limen
650 838 713 877 isti
733 845 869 885 astate,
893 845 945 884 ut,
969 850 1091 887 quom
1113 837 1312 886 extemplo
1333 849 1485 881 uocem,

55 910 142 956 1065
164 905 356 946 continuo
376 905 573 944 exsiliatis.
634 903 809 942 manicas
830 902 1006 942 celeriter
1027 901 1233 940 conectite.

164 985 238 1022 ego
258 971 368 1010 illum
390 979 482 1010 ante
502 970 613 1010 aedis
635 969 905 1021 praestolabor
925 968 1213 1008 ludificatorem
1236 981 1381 1015 meum,

165 1037 307 1089 quoius
327 1050 401 1088 ego
423 1037 543 1076 hodie
564 1036 780 1076 ludificabo
807 1034 969 1081 corium,
993 1034 1024 1072 si
1045 1033 1153 1081 uiuo,
1174 1034 1308 1084 probe.

164 1105 242 1143 TR.
264 1116 324 1143 res
345 1105 476 1153 palam
497 1110 565 1141 est.
610 1116 716 1140 nunc
734 1109 771 1140 te
787 1100 922 1140 uidere
936 1099 1094 1139 meliust
1110 1099 1206 1150 quid
1222 1113 1325 1150 agas,
1342 1098 1500 1138 Tranio.
1525 1111 1564 1143 25

165 1171 245 1208 ΤΗ.
277 1170 396 1208 docte
415 1176 535 1219 atque
554 1175 641 1207 astu
663 1167 760 1206 mihi
782 1167 1061 1217 captandumst
1086 1178 1177 1204 curn
1205 1165 1308 1213 illoc,
1329 1165 1398 1204 ubi
1424 1166 1503 1203 huc

1285 1230 1501 1269 aduenerit.

58 1312 148 1348 1070
165 1314 247 1340 non
282 1314 355 1351 ego
389 1300 443 1339 illi
478 1299 676 1351 e'xtemplo
712 1300 876 1338 hamum
911 1298 1132 1345 ostendam,
1170 1296 1315 1336 sensim
1350 1296 1504 1335 mittam

1346 1363 1502 1401 lineam.

166 1433 426 1473 dissimulabo
459 1446 522 1472 me
548 1433 690 1472 horum
721 1430 935 1483 quicquam
965 1429 1074 1469 scire.
1134 1431 1213 1468 TR.
1243 1442 1268 1467 o
1299 1430 1505 1467 mortalem

1333 1495 1505 1533 malum!

166 1566 263 1604 alter
283 1566 359 1604 hoc
381 1563 547 1603 Athenis
569 1577 688 1602 nemo
709 1562 864 1602 doctior
884 1562 962 1601 dici
983 1568 1122 1612 potest.

167 1632 287 1670 uerba
308 1630 361 1668 illi
383 1644 463 1669 non
480 1630 594 1680 magi’
615 1631 708 1669 dare
725 1629 845 1668 hodie
862 1629 1071 1679 quisquam
1089 1640 1207 1678 quam
1225 1626 1346 1677 lapidi
1363 1633 1504 1676 potest.
1527 1639 1568 1670 30

165 1695 371 1747 adgrediar
410 1695 628 1743 hominem,
666 1695 889 1746 appellabo.
960 1695 1039 1732 ΤΗ.
1072 1706 1179 1731 nunc
1215 1706 1287 1742 ego
1326 1692 1390 1730 ille
1429 1693 1507 1731 hiic

1219 1757 1352 1796 ueniat
1373 1758 1504 1796 uelim.

61 1841 146 1878 1075
167 1829 244 1867 TR.
268 1827 464 1878 siquidem
486 1828 553 1877 pol
574 1840 638 1866 me
659 1826 825 1878 quaeris,
843 1827 985 1865 adsum
1008 1837 1192 1876 praesens
1211 1823 1405 1875 praesenti
1423 1823 1504 1862 tibi.

167 1896 248 1932 ΤΗ.
271 1896 417 1943 eugae!
452 1892 611 1941 Tranio,
634 1893 730 1943 quid
751 1892 908 1943 agitur?
964 1893 1042 1929 TR.
1075 1890 1242 1930 ueniunt
1263 1889 1338 1928 ruri
1361 1889 1504 1928 rustici.

168 1955 419 1994 Philolaches
441 1953 517 1991 iarn
535 1952 600 1991 hic
621 1953 755 1991 aderit.
816 1954 896 1990 ΤΗ.
921 1953 1065 2003 edepol
1083 1953 1178 1990 mihi
1200 1953 1424 2003 opportune
1440 1953 1505 1989 ad-

1377 2016 1499 2054 uenis.

214 2135 308 2165 1054,
325 2134 406 2165 1055
424 2124 507 2155 haec
525 2134 590 2156 om.
603 2122 636 2154 Ρ
741 2124 885 2163 1056-61
912 2132 978 2154 om.
999 2122 1032 2153 Ρ
1048 2122 1199 2163 (propter
1212 2122 1369 2152 lacunam
1382 2120 1417 2150 in
1429 2120 1506 2150 PBC

167 2173 206 2202 ut
220 2170 282 2201 vr'd.
298 2181 306 2208 ;
331 2170 368 2210 rs.
386 2179 436 2201 vu.
456 2168 693 2205 10262—10262)
804 2168 884 2198 1061
912 2171 1159 2206 praeoccupato
1175 2166 1240 2197 cod.
1261 2178 1266 2196 :
1291 2176 1370 2196 corr.
1389 2163 1504 2195 Stude-

168 2213 279 2245 mund
384 2213 509 2251 1062—9,
533 2211 583 2242 vel
596 2211 693 2242 iamb.
714 2211 873 2241 octonarii
983 2211 1063 2240 1062
1088 2209 1185 2250 quid]
1205 2210 1262 2249 qui
1280 2208 1313 2238 Ρ
1327 2211 1417 2247 (corr.
1440 2208 1503 2248 ΒΕ)

172 2259 253 2297 1063
277 2267 436 2288 sermone
453 2255 486 2285 P
500 2265 592 2286 ¹corr.
615 2252 675 2295 8²)
801 2256 881 2292 1064
908 2253 961 2284 isti
979 2258 1089 2284 astate
1111 2253 1253 2293 Ussing:
1277 2254 1429 2284 istastate
1444 2252 1477 2282 A
1497 2265 1503 2283 :

167 2307 276 2332 astate
294 2301 359 2331 illic
377 2300 410 2331 Ρ
426 2301 521 2340 (ἲρνο
537 2308 566 2329 a.
586 2298 639 2329 isti
657 2310 664 2337 ;
688 2308 717 2330 v.
737 2297 772 2337 4)
891 2298 971 2335 1065
999 2297 1142 2327 manilas
1157 2296 1190 2327 Ρ
1269 2297 1450 2327 coniectite
1467 2296 1500 2325 A

172 2347 255 2376 1066
278 2344 478 2385 praestabor
494 2342 527 2372 P
541 2342 633 2381 (corr.
652 2340 711 2372 1323
888 2343 968 2379 1067
995 2341 1102 2370 cuiius
1118 2341 1151 2370 A
1266 2341 1384 2383 hodie]
1403 2341 1456 2371 hic
1474 2339 1507 2369 P

172 2391 256 2429 1069
280 2394 352 2419 astu
370 2387 494 2418 Bothe:
519 2390 628 2416 astute
646 2385 734 2416 codd.
847 2394 931 2423 1070
956 2384 1108 2425 hamum]
1129 2385 1267 2415 itamum
1284 2383 1318 2414 Ρ
1422 2393 1499 2421 1071

170 2433 311 2464 mortale
327 2431 361 2461 P
485 2439 568 2468 1073
591 2429 640 2459 vel
659 2439 754 2468 mage
846 2429 927 2458 dare
945 2438 1011 2458 om.
1032 2427 1065 2457 Ρ
1151 2428 1253 2467 deficit
1266 2428 1299 2458 A
1420 2437 1502 2467 1077

170 2475 347 2509 aduenerit
359 2473 488 2512 Bentley
505 2485 511 2503 :
535 2473 699 2504 aduenies
709 2471 776 2503 cod.
791 2472 870 2512 (pro
883 2472 973 2501 —neis
985 2472 1011 2512 ἲ)
