1747 2740
63 260 129 297 495

65 652 132 689 500

65 1046 127 1083 505

67 1439 134 1476 510

68 1763 132 1801 515

656 133 978 172 PSEVDOLVS
1453 134 1482 172 I.
1507 144 1537 171 v

259 247 384 287 CALL.
418 245 624 296 numquid,
662 245 781 291 Simo,
821 252 1027 295 peccatum
1061 247 1149 284 est?
1205 247 1323 285 Simo.
1361 247 1485 285 immo

1288 326 1482 351 maxume.

258 379 320 415 Ps.
352 376 507 422 desiste,
532 383 636 414 recte
657 390 730 425 ego
753 390 880 414 meam
903 389 984 414 rem
1007 375 1127 425 sapio,
1154 376 1364 426 Callipho3

256 450 419 493 peccata
439 455 527 480 mea
548 449 650 479 sunt.
708 441 885 479 animum
906 442 1072 479 aduorte
1095 441 1280 479 nunciam

257 514 494 558 quapropter
515 514 553 544 te
575 513 804 556 †expertem
826 506 971 544 amoris
992 506 1073 544 nati
1096 507 1300 545 habuerim
1319 511 1356 548 :†

257 572 463 624 pistrinum
486 572 526 610 in
548 573 700 610 mundo
721 572 882 618 scibam,
906 571 937 610 si
960 571 999 609 id
1022 573 1161 618 saxem,
1184 572 1291 610 mihi.
1505 579 1546 619 85

257 640 374 677 SIMO.
408 651 488 676 non
508 651 531 675 a
552 651 616 675 me
636 637 764 675 scibas
786 636 993 687 pistrinum
1016 636 1055 674 in
1077 639 1229 675 mundo
1251 637 1335 685 tibi,

257 717 379 754 quom
409 717 455 742 ea
485 703 751 742 mussitabas?
808 705 870 741 ΡΞ.
905 703 1066 741 scibam.
1126 704 1244 741 SIMO.
1278 703 1373 753 quin
1407 703 1486 742 dic-

1217 776 1339 806 tumst
1360 768 1486 806 mihi?

259 837 320 873 PS.
353 834 446 885 quia
465 834 561 872 illud
585 835 732 872 malum
753 834 904 880 aderat,
924 832 1024 871 istuc
1045 833 1179 872 aberat
1200 834 1380 884 longius,-

259 900 355 939 illud
376 908 455 939 erat
477 913 671 950 praesens,
697 898 789 937 huic
810 905 920 937 erant
941 898 1130 937 dieculae.

258 968 375 1005 SIMO.
395 964 760 1016 quidnuncagetis?
781 978 875 1002 nam
889 963 1256 1013 hincquidemame
1266 978 1345 1003 non
1356 972 1485 1016 potest
1504 978 1548 1011 90

256 1039 461 1081 argentum
482 1031 633 1078 auferri,
657 1030 725 1081 qui
747 1030 976 1081 praesertim
998 1030 1199 1068 senserim.

257 1110 307 1135 ne
327 1096 537 1146 quisquam
558 1097 692 1134 credat
714 1109 923 1134 nummum
945 1095 1022 1133 iam
1045 1097 1199 1134 edicam
1222 1095 1418 1134 omnibus.

260 1164 321 1200 Ps.
341 1175 560 1211 numquam
568 1163 710 1212 edepol
726 1161 944 1211 quoiquam
960 1161 1311 1211 supplicabo‚dum
1321 1161 1483 1212 quidem

257 1234 299 1265 tu
319 1226 469 1279 (uiuos)
488 1227 609 1265 uiues.
671 1234 712 1264 tu
734 1226 788 1264 mi
810 1228 940 1265 hercle
960 1234 1167 1275 argentum
1189 1226 1314 1273 dabis,

256 1306 325 1344 aps
350 1301 388 1332 te
415 1292 602 1343 equidem
630 1305 797 1331 sumam.
857 1294 975 1330 SIMO.
1008 1294 1049 1330 tu
1070 1305 1093 1330 a
1114 1306 1178 1331 me
1199 1294 1360 1330 sumes?
1418 1294 1481 1330 ΡΞ.
1503 1301 1544 1334 95

1315 1365 1483 1396 Strenue.

260 1425 377 1462 S1M0.
401 1423 600 1462 excludito
615 1423 667 1461 mi
685 1424 814 1461 hercle
835 1424 1007 1469 oculum,
1025 1421 1055 1459 si
1072 1423 1231 1460 dedero.
1275 1424 1336 1459 Ps.
1361 1421 1484 1460 dabis.

260 1489 337 1527 iam
358 1489 449 1528 dico
471 1498 512 1527 ut
532 1503 555 1527 a
575 1502 638 1527 me
659 1502 813 1527 caueas.
875 1489 1000 1527 CALL.
1033 1495 1137 1526 certe
1159 1489 1301 1537 edepol
1323 1487 1415 1534 scio,

259 1554 290 1593 si
310 1554 528 1605 apstuleris,
552 1554 694 1592 mirum
716 1561 754 1592 et
776 1566 962 1603 magnum
987 1552 1139 1590 facinus
1161 1552 1307 1590 feceris.

261 1623 323 1659 ΡΞ.
348 1621 498 1660 faciam.
541 1622 658 1659 SIMO.
683 1619 713 1658 si
730 1633 811 1657 non
828 1618 1057 1669 apstuleris?
1098 1621 1160 1657 Ps.
1185 1618 1301 1668 uirgis
1318 1618 1483 1657 caedito.

261 1688 332 1725 sed
352 1686 448 1736 quid
470 1686 500 1724 si
520 1688 750 1737 apstulero?
807 1686 924 1723 SrMo.
959 1685 1013 1722 do
1037 1686 1176 1722 Iouem
1198 1691 1338 1722 testem
1360 1684 1431 1722 tibi
1512 1699 1572 1720 100

262 1760 300 1790 te
319 1760 488 1791 aetatem
510 1752 658 1802 inpune
675 1751 912 1789 habiturum.
965 1751 1027 1788 Ps.
1057 1749 1175 1787 facito
1192 1757 1234 1786 ut
1251 1748 1486 1788 memineris.

261 1820 379 1857 SrMO.
412 1831 513 1868 egon
535 1826 576 1856 ut
596 1831 737 1856 cauere
757 1829 966 1867 nequeam,
990 1815 1083 1865 quoi
1105 1813 1371 1865 praedicitur?

261 1886 324 1923 ΡΞ.
354 1884 539 1935 praedico
560 1892 601 1922 ut
622 1897 774 1922 caueas.
812 1883 914 1929 dico,
936 1882 1110 1932 inquam,
1130 1888 1171 1918 ut
1188 1893 1339 1918 caueaS.
1377 1893 1484 1918 caue.

196 1999 260 2030 495
285 1995 460 2029 peccatum
485 1994 536 2021 est
562 1990 655 2020 Simo
680 1988 745 2020 cod.
767 1999 773 2018 ι
811 1987 884 2017 irai.
909 1985 1012 2016 Bothe
1167 1995 1228 2024 497
1256 1988 1418 2023 peccatan
1448 1995 1486 2014 ea

152 2037 254 2066 sunt?
272 2034 374 2064 Bothe
506 2035 571 2073 498
596 2034 663 2064 nati
682 2031 806 2063 amoris
823 2036 857 2061 te
876 2034 1052 2069 expertem
1072 2028 1174 2058 Bothe
1191 2040 1197 2059 ε
1223 2028 1291 2058 nati
1311 2033 1486 2067 expertem

153 2079 276 2109 amoris
301 2083 334 2108 te
352 2080 394 2115 (ἓ)
420 2076 507 2109 Leo:
530 2079 610 2117 fon.
640 2077 708 2107 nati
735 2075 855 2106 delend.
890 2078 926 2104 ut
944 2074 1058 2114 glossa
1211 2082 1275 2111 499
1301 2072 1332 2101 in
1363 2072 1489 2101 mundo

155 2126 291 2153 testatur
307 2122 478 2153 Charisius
488 2132 547 2152 201
565 2121 616 2161 (cf.
633 2131 662 2151 v.
674 2121 754 2159 500)
775 2132 780 2150 :
806 2118 1002 2149 inmundum
1021 2115 1086 2146 cod.
1189 2117 1218 2146 si
1236 2116 1347 2145 dixem
1366 2115 1494 2145 Ritscld

156 2167 233 2205 quia
265 2166 411 2196 sciebam
444 2166 477 2196 in
513 2166 569 2202 (mi
604 2163 713 2205 Goetz)
735 2164 914 2203 pistrinum
943 2162 976 2191 in
1010 2160 1135 2190 mundo
1163 2159 1233 2189 sore
1259 2159 1323 2189 cod.
1352 2159 1495 2189 Charisii

160 2211 343 2250 (neglegens
359 2210 475 2248 citatio,
498 2213 534 2239 ut
549 2208 627 2248 vid.)
771 2217 831 2246 501
859 2206 939 2245 quin
958 2203 1105 2234 Ritsclzl:
1130 2213 1188 2233 cur
1212 2213 1279 2233 non
1305 2202 1369 2233 cod.
1390 2206 1436 2243 (v.
1458 2207 1488 2235 ι)

158 2263 222 2292 502
246 2254 324 2292 quia
345 2254 425 2284 illud
443 2252 633 2284 Acidalins:
659 2252 714 2291 qui
733 2251 824 2282 aliud
842 2249 907 2279 cod.
925 2261 930 2278 ε
955 2249 1010 2278 vix
1025 2248 1101 2287 quia
1119 2246 1185 2277 alid
1305 2256 1369 2285 503
1394 2251 1489 2277 erant

158 2297 298 2336 Pylades
315 2309 321 2328 :
346 2302 416 2327 orat
428 2296 493 2328 cod.
599 2296 662 2334 508
687 2296 784 2325 uiuos
801 2293 877 2323 add.
896 2292 1022 2322 Rstschl
1108 2291 1165 2320 vix
1182 2291 1321 2320 hercule
1427 2300 1490 2328 5¹0

159 2340 301 2371 exlidito
319 2341 445 2371 Rstschl
545 2350 603 2377 51¹
632 2338 755 2379 CALL.]
776 2338 876 2368 Sumo.
894 2336 967 2366 Ital.
985 2347 991 2365 ε
1016 2333 1178 2364 Pseudolo
1195 2334 1365 2363 continuat
1377 2344 1403 2364 c.
1419 2346 1447 2364 e.
1461 2344 1486 2365 S.

157 2382 292 2424 Seyffert
425 2385 489 2421 516
510 2387 583 2422 post
599 2393 660 2422 5¹7
679 2382 809 2413 collocat
823 2380 939 2421 Bugge
1071 2379 1135 2416 516
1160 2377 1366 2419 praedicitur
1390 2377 1463 2408 Ital.
1481 2389 1488 2407 t

158 2429 333 2469 praeditur
356 2427 423 2458 cod.
