1747 2740
161 115 214 156 ΙΙ.
237 119 281 156 iii
653 118 700 159 T.
734 118 916 161 MACCI
948 119 1153 160 PLAVTI

236 230 312 267 ΤΚ.
346 229 448 269 inest
469 232 580 281 lepos
601 230 640 268 in
662 230 802 269 nuntio
824 238 892 269 tuo
914 231 1091 282 magnus,
1115 245 1204 270 mea
1224 232 1462 283 Ampelisca.

234 296 304 334 sed
326 295 426 334 istiic
448 295 638 345 periclum
660 296 840 345 perlubet
861 298 971 346 quod
992 296 1106 336 fuerit
1127 297 1242 336 uobis
1263 298 1371 338 scire.

233 361 315 398 AM.
348 362 548 399 confracta
569 369 638 407 est,
661 360 715 398 mi
736 361 957 409 Trachalio,
980 363 1055 401 hac
1076 371 1193 401 nocte
1214 363 1326 402 nauis
1346 363 1473 402 nobis.

175 440 212 472 ²5
233 427 309 464 TR.
343 425 450 476 quid,
475 425 618 464 nauis?
655 426 757 477 quae'
779 426 899 466 istaec
920 428 1120 467 fabulast?
1159 430 1242 467 AM.
1270 442 1350 468 non
1371 428 1570 476 audiuisti‚
1593 439 1634 476 35
1643 440 1659 476 5

1413 494 1569 540 amabo,

232 570 312 606 quo
334 564 451 607 pacto
473 558 565 595 leno
586 558 810 595 clanculum
832 571 906 596 nos
927 558 1020 596 hinc
1040 559 1191 597 auferre
1211 558 1338 598 uoluit

230 621 270 660 in
292 622 465 660 Siciliam
488 630 525 661 et
547 622 744 673 quidquid
765 622 875 662 domi
897 623 969 661 fuit
991 625 1030 662 in
1052 638 1197 663 nauem
1217 624 1451 676 imposiuit?

229 701 276 726 ea
297 701 402 726 nunc
424 688 623 738 perierunt
644 688 788 727 omnia.
849 690 926 727 TR.
960 690 1024 736 oh,
1049 691 1239 740 Neptune
1259 690 1402 741 lepide,
1425 691 1557 729 salue!

230 767 303 791 nec
325 762 362 791 te
382 755 530 791 aleator
551 755 681 792 nullus
702 762 761 792 est
782 754 996 805 sapientior
1012 770 1021 803 ;
1049 757 1228 806 profecto

170 837 210 868 30
231 818 339 856 nimi'
361 818 492 869 lepide
514 818 638 857 iecisti
660 819 798 858 bolum
816 835 823 858 ε
855 819 1054 870 periurum
1077 821 1293 871 perdidisti.
1589 828 1659 872 360

231 886 301 923 sed
319 899 424 923 nunc
447 884 514 923 ubi
531 893 589 923 est
610 887 702 924 leno
724 887 909 925 Labrax?
947 889 1031 925 AM.
1064 887 1178 938 periit
1198 889 1388 938 potando,
1404 888 1569 939 opinor:

231 951 443 1000 Neptunus
466 950 616 1001 magnis
638 951 790 1001 poculis
813 953 887 990 hac
909 960 1027 991 nocte
1048 966 1139 991 eum
1161 952 1354 992 inuitauit.

230 1016 306 1054 TR.
348 1016 468 1055 credo
502 1016 632 1055 hercle
662 1030 866 1055 anancaeo
895 1017 1033 1056 datum
1064 1019 1174 1068 quod
1203 1018 1367 1058 biberet.
1426 1027 1469 1058 ut
1497 1034 1572 1070 ego

1406 1099 1499 1124 amo
1519 1093 1569 1133 te,

230 1161 318 1186 mea
339 1148 580 1199 Ampelisca,
602 1156 644 1187 ut
664 1148 792 1188 dulcis
813 1163 865 1197 es,
890 1157 932 1188 ut
954 1151 1081 1188 mulsa
1102 1150 1210 1189 dicta
1230 1150 1354 1190 dicis!

169 1230 207 1261 35
229 1214 299 1252 sed
321 1221 362 1251 tu
384 1221 421 1252 et
444 1216 642 1252 Palaestra
662 1216 868 1265 quomodo
889 1217 1021 1254 saluae
1042 1215 1166 1254 estis?
1213 1217 1295 1254 AM.
1328 1215 1446 1255 scibis
1467 1217 1566 1254 faxo.
1590 1223 1656 1268 365

227 1277 314 1331 (de)
334 1279 427 1318 naui
449 1279 612 1318 timidae
637 1280 780 1319 ambae
807 1280 847 1319 in
875 1282 1065 1331 scapham
1093 1280 1327 1328 insiluimus,
1352 1281 1445 1332 quia
1464 1281 1572 1320 uide-

1484 1360 1571 1386 mus

227 1411 279 1450 ad
301 1424 392 1449 saxa
413 1424 557 1449 nauem
579 1409 710 1450 ferrier
724 1425 735 1459 3
764 1425 978 1462 properans
1000 1411 1150 1451 exsolui
1170 1411 1318 1461 restim,

229 1478 325 1516 dum
347 1476 401 1515 illi
423 1476 563 1515 timent
578 1492 587 1525 3
617 1490 690 1515 nos
711 1491 801 1515 cum
824 1479 971 1528 scapha
992 1486 1206 1528 tempestas
1227 1479 1528 1517 dextrouorsum

230 1543 358 1583 differt
379 1544 428 1583 ab
451 1543 536 1582 illis.
599 1543 733 1594 itaque
754 1558 827 1583 nos
848 1545 1058 1595 uentisque
1079 1545 1344 1596 fluctibusque

167 1624 211 1657 40
231 1609 396 1648 iactatae
417 1609 606 1660 exemplis
628 1609 820 1659 plurumis
842 1609 1007 1649 miserae
1027 1618 1258 1661 perpetuam
1280 1618 1439 1650 noctem
1455 1625 1465 1659 3
1590 1627 1659 1664 370

230 1675 295 1713 uix
315 1674 436 1714 hodie
456 1676 507 1713 acl
529 1674 620 1713 litus
642 1674 800 1725 pertulit
822 1688 895 1714 nos
916 1683 1059 1714 uentus
1080 1675 1332 1715 exanimatas.

228 1741 304 1778 TR.
337 1740 442 1788 noui,
468 1742 680 1791 Neptunus
702 1740 756 1779 ita
776 1742 886 1789 solet,
910 1741 1093 1792 quamuis
1114 1741 1341 1780 fastidiosus

227 1805 365 1845 aedilis
387 1814 468 1844 est:
499 1806 531 1844 si
552 1819 654 1856 quae
675 1806 866 1857 inprobae
888 1814 979 1845 sunt
1001 1821 1160 1854 merces,
1185 1807 1302 1846 iactat
1323 1807 1462 1847 omnis.

229 1873 312 1910 AM.
353 1885 426 1910 uae
461 1871 580 1922 capiti
613 1880 734 1922 atque
763 1872 881 1911 aetati
916 1876 1030 1911 tuae!
1071 1874 1149 1911 ΤΚ.
1187 1880 1268 1921 tuo,
1302 1886 1389 1912 mea
1423 1875 1569 1925 Ampe·
1590 1888 1700 1925 374—5

1404 1939 1567 1986 lisca,—

165 2016 206 2050 45
228 2001 325 2040 sciui
347 2004 532 2041 lenonem
554 2004 682 2041 facere
701 2001 810 2055 (ego)
830 2004 906 2042 hoc
928 2004 1038 2053 quod
1059 2003 1175 2052 fecit:
1205 2018 1322 2055 saepe
1343 2003 1422 2043 dixi
1438 2019 1447 2053 3

228 2068 412 2118 capillum
435 2068 662 2118 promittam
684 2077 931 2119 optumumst
952 2069 1228 2121 occipiamque
1249 2070 1440 2109 hariolari.

228 2135 310 2171 An.
343 2133 502 2171 cauistis
524 2147 615 2184 ergo
637 2136 677 2172 tu
698 2142 818 2184 atque
838 2147 926 2173 erus
947 2148 997 2173 ne
1017 2134 1152 2182 abiret,
1176 2148 1298 2185 quom
1320 2135 1512 2174 scibatis?

271 2247 336 2276 359
361 2247 403 2267 nc
421 2241 455 2267 te
474 2236 648 2267 Fleckeisen
775 2238 835 2276 361
854 2238 935 2277 sim.
957 2237 1010 2268 ubi
1030 2249 1119 2269 nunc
1209 2239 1259 2270 vel
1271 2239 1375 2278 opino
1500 2240 1565 2278 362

230 2281 431 2320 Neptuneus
448 2280 480 2310 B
623 2282 688 2319 365
715 2281 808 2312 Scitu
838 2290 902 2319 g-ta
926 2281 958 2311 B
996 2282 1055 2312 cod
1082 2293 1175 2320 adcorr.
1207 2282 1266 2323 62)
1432 2283 1496 2321 366
1521 2284 1565 2313 de

230 2325 308 2355 naui
331 2323 505 2354 fleckeisen
524 2336 530 2355 x
569 2325 666 2354 nauis
689 2325 753 2355 cod.
926 2335 986 2364 371
1015 2336 1076 2356 nos
1092 2336 1160 2357 om.
1179 2325 1212 2356 Β
1357 2327 1422 2365 376
1446 2326 1565 2357 faxere

229 2368 472 2400 Sonneuschein
563 2378 628 2407 ego
645 2368 720 2400 add.
739 2367 881 2409 Pylades
896 2380 902 2398 :
923 2381 982 2401 ero
998 2370 1130 2402 Schoell
