1747 2740
182 107 236 145 ΙΙ.
258 104 288 142 ii
669 104 715 141 T.
750 102 932 142 MACCI
965 103 1168 141 PLAVTI

258 217 334 254 ΤΗ.
368 216 521 266 edepol,
546 216 745 264 Neptune,
769 214 982 265 peccauisti
1004 215 1156 265 largiter

258 279 325 330 qui
346 279 597 318 occasionem
619 281 722 318 hanc
743 279 905 317 amisisti
928 287 1006 317 tam
1029 280 1186 318 bonam.

202 362 239 384 10
258 347 337 383 ΤΗ.
371 345 540 384 triennio
561 352 650 396 post
672 347 854 395 Aegypto
874 344 1047 383 aduenio
1068 346 1261 394 domum;
1611 360 1682 395 440

258 412 377 449 credo
398 419 646 461 exspectatus
668 410 827 449 ueniam
848 410 1113 448 familiaribus.

258 477 335 514 TR.
367 476 491 514 nimio
512 477 655 526 edepol
677 475 741 513 ille
762 475 889 526 potuit
911 475 1171 526 exspectatior

257 541 391 580 uenire
413 541 480 591 qui
501 549 539 579 te
560 540 758 579 nuntiaret
779 548 988 579 mortuom.

257 609 336 645 ΤΗ.
370 608 440 645 sed
461 606 556 657 quid
579 607 684 644 hoc?
714 607 872 644 occlusa
893 605 1010 644 ianua
1030 614 1088 644 est
1108 606 1309 646 interdius.

202 687 237 719 15
259 672 433 722 pultabo.
494 673 602 718 heus,
627 671 762 720 ecquis
784 671 912 712 †ist†?
941 671 1105 721 aperitin
1128 673 1258 710 fores?
1613 685 1680 722 445

259 739 335 775 TR.
368 736 455 786 quis
477 738 599 775 homo
620 744 678 774 est
699 735 765 786 qui
787 743 939 774 nostras
959 736 1068 774 aedis
1087 737 1252 776 accessit
1272 739 1425 788 prope?

258 804 338 840 ΤΗ.
376 803 477 840 meu'
508 814 642 840 seruos
670 800 899 851 hicquidem
928 809 985 840 est
1015 801 1173 840 Tranio.
1233 804 1310 840 TR.
1342 816 1366 841 o
1393 804 1596 853 Theopro-

1469 867 1595 919 pides,

259 947 336 981 ere,
357 935 475 981 salue,
498 935 651 971 saluom
672 940 710 971 te
730 932 940 971 aduenisse
959 934 1125 983 gaudeo.

259 998 403 1048 usquin
419 997 606 1036 ualuisti?
653 999 732 1035 ΤΗ.
763 1011 899 1047 usque,
918 1006 960 1036 ut
976 997 1098 1036 uides.
1149 999 1225 1036 TR.
1254 1000 1402 1037 factum
1419 1007 1593 1050 optume.

200 1081 239 1104 20
259 1066 338 1102 ΤΗ.
371 1064 468 1114 quid
490 1065 591 1102 uos?
621 1063 776 1101 insanin
797 1062 920 1101 estis?
948 1064 1024 1101 ΤΗ.
1057 1063 1255 1113 quidum?
1284 1066 1363 1103 ΤΗ.
1396 1064 1462 1111 sic,
1485 1064 1577 1115 quia
1614 1080 1683 1116 450

258 1129 350 1167 foris
370 1128 589 1176 ambulatis,
615 1137 729 1166 natus
751 1141 871 1166 nemo
892 1128 931 1166 in
951 1128 1118 1167 aedibus

257 1202 386 1232 seruat
407 1207 537 1243 neque
557 1193 622 1243 qui
647 1195 823 1231 recludat
844 1206 974 1243 neque
996 1191 1098 1246 [qui]
1119 1196 1367 1244 respondeat.

257 1261 449 1310 pultando
471 1256 676 1311 [pedibus]
698 1272 825 1309 paene
846 1258 1019 1309 confregi
1040 1260 1158 1297 hasce
1177 1260 1316 1299 ambas
1335 1259 1482 1313 (fores).

257 1327 333 1362 ΤΒ.
367 1325 443 1362 eho
464 1337 514 1361 an
536 1326 577 1362 tu
599 1323 758 1374 tetigisti
780 1325 850 1362 has
870 1323 1010 1362 aedis?
1039 1325 1118 1362 ΤΗ.
1151 1338 1224 1374 qur
1244 1339 1325 1364 non
1347 1329 1578 1376 tangerem?
1615 1341 1716 1377 4545

200 1405 237 1437 25
258 1390 353 1440 quin
376 1391 578 1439 pultando,
604 1389 777 1439 inquam,
801 1403 928 1439 paene
949 1389 1121 1440 confregi
1144 1391 1255 1428 fores.

257 1457 333 1494 TR.
366 1453 584 1505 tetigistin?
631 1456 710 1492 ΤΗ.
743 1454 862 1504 tetigi,
892 1454 1066 1505 inquam,
1090 1463 1127 1493 et
1161 1456 1322 1506 pultaui.
1382 1458 1459 1496 TR.
1491 1459 1569 1496 uah
1587 1461 1593 1496 l

1278 1523 1357 1559 ΤΗ.
1391 1522 1487 1572 quid
1508 1525 1595 1561 est?

257 1588 332 1624 TR.
370 1587 472 1624 male
498 1587 629 1624 hercle
661 1586 818 1624 factum.
879 1587 960 1623 TH.
992 1584 1088 1635 quid
1120 1594 1178 1624 est
1207 1586 1370 1636 negoti?
1402 1589 1480 1625 ΤΗ.
1512 1601 1592 1626 non

1464 1662 1593 1703 potest

255 1717 334 1756 dici
355 1731 474 1767 quam
496 1716 702 1767 indignum
724 1716 875 1755 facinus
897 1716 1021 1755 fecisti
1043 1724 1081 1754 et
1103 1718 1260 1755 malum.

256 1785 335 1821 ΤΗ.
366 1782 462 1832 quid
478 1782 554 1820 iam
569 1784 585 1820 ?
614 1784 690 1820 ΤΗ.
714 1784 814 1832 suge,
830 1795 1008 1832 opsecro,
1023 1790 1142 1832 atque
1158 1785 1328 1833 apscede
1342 1784 1393 1822 ab
1412 1783 1588 1823 aedibus
1610 1789 1681 1832 460

197 1863 238 1894 30
258 1849 348 1897 fuge
369 1849 456 1893 huc,
480 1848 569 1896 fuge
590 1849 639 1885 ad
662 1861 725 1885 me
745 1847 915 1897 propius.
976 1846 1163 1897 tetigistin
1184 1849 1315 1886 fores?

258 1915 337 1950 ΤΗ.
371 1926 450 1962 quo
472 1913 593 1950 modo
615 1913 765 1962 pultare
787 1911 908 1962 potui,
933 1911 963 1950 si
986 1925 1065 1950 non
1089 1914 1319 1962 tangerem?

257 1980 334 2016 TR.
358 1977 536 2016 occidisti
554 1979 818 2016 hercle—TH.
844 1991 962 2028 quem
981 1979 1216 2016 mortalem?
1245 1979 1321 2016 TR.
1345 1978 1473 2017 omnis
1489 1986 1590 2017 tuos,

257 2045 338 2081 ΤΗ.
370 2042 409 2081 di
431 2051 468 2081 te
489 2044 667 2093 deaeque
689 2044 827 2082 omnes
849 2043 970 2082 faxint
992 2057 1081 2082 cum
1105 2043 1203 2082 istoc
1225 2044 1412 2082 omine—

257 2109 333 2146 ΤΗ.
367 2116 502 2147 metuo
523 2116 560 2146 te
580 2116 699 2158 atque
720 2108 814 2147 istos
835 2108 990 2158 expiare
1012 2117 1052 2146 ut
1074 2108 1234 2158 possies.
1611 2110 1676 2154 465

302 2222 364 2251 445
390 2212 447 2253 ist]
469 2213 573 2244 intust
596 2213 658 2244 Leo
674 2225 680 2244 :
704 2214 757 2244 hic
776 2218 828 2243 est
846 2213 972 2243 Sclzoell
1062 2214 1142 2244 istas
1159 2215 1269 2254 aperit
1287 2215 1376 2245 sores
1391 2213 1439 2245 Β2
1529 2215 1592 2252 448

258 2255 355 2293 galue
367 2256 431 2287 cod.
448 2257 538 2295 (corr.
556 2256 616 2297 ΒΖ)
707 2268 771 2296 449
789 2267 893 2296 usque
907 2257 1076 2287 inualuisti
1087 2257 1158 2288 cod.
1248 2269 1311 2297 452
1327 2258 1403 2298 quis
1414 2257 1479 2288 cod.
1495 2262 1502 2288 «ζ
1511 2268 1589 2288 corr.

258 2298 341 2332 325:
365 2299 422 2330 del.
450 2300 553 2330 Bothe
700 2311 763 2340 453
790 2300 931 2340 pedibus
956 2300 1012 2331 del.
1045 2300 1148 2330 Bothe
1237 2301 1367 2341 ambas]
1393 2302 1449 2332 vix
1474 2302 1591 2331 innuas

259 2342 341 2373 soris
358 2342 433 2374 add.
452 2344 578 2373 Ritsclzl
687 2354 760 2384 454,
780 2353 844 2386 455
869 2350 903 2376 tu
922 2343 996 2374 Ital.
1015 2356 1021 2374 ς
1047 2350 1118 2374 tute
1135 2344 1200 2375 cod.
1218 2346 1306 2385 <3122
1327 2345 1403 2385 tut’)
1528 2346 1591 2383 464

258 2387 354 2419 axint
371 2387 434 2418 cod.
456 2388 550 2430 (corr.
571 2387 635 2429 3²¹)
