1747 2740
188 138 257 176 IV.
278 138 321 176 iii
700 141 746 178 T.
780 141 961 180 MACCI
994 141 1199 180 PLAVTI

227 264 262 286 10
283 252 345 290 ST.
379 251 486 302 quid,
510 252 630 290 homo
652 250 774 298 nihili,
798 265 878 290 non
901 252 1024 301 pudet
1045 253 1113 290 te?
1143 251 1308 292 tribu’ne
1329 260 1367 292 te
1388 253 1548 305 poteriis

282 316 512 355 memoriam
530 330 615 355 esse
631 316 798 355 oblitum
814 318 830 354 ?
858 329 908 354 an
930 329 1036 363 uero,
1052 316 1145 366 quia
1164 330 1254 355 cum
1272 318 1369 368 frugi
1387 319 1615 359 hominibus

281 380 334 420 ibi
356 381 501 429 bibisti,
524 382 589 432 qui
611 382 661 420 ab
681 381 812 420 alieno
833 381 947 420 facile
967 381 1199 420 cohiberent
1220 385 1390 422 manus?

282 447 504 487 †Truthus†
526 447 608 493 fuit,
633 447 886 495 Cerconicus,
911 446 1094 494 Crinnus,
1118 448 1378 496 Cercobulus,
1399 449 1601 498 Collabus‚
1636 459 1726 486 1020

281 511 581 562 oculicrepidae,
605 512 902 563 cruricrepidae,
926 512 1088 551 ferriteri
1109 512 1335 563 mastigiae:

225 589 261 620 ¹5
282 577 382 616 inter
402 591 522 616 eosne
544 577 725 616 homines
746 577 974 617 condalium
997 585 1034 616 te
1056 578 1238 628 redipisci
1259 580 1464 629 postulas?

281 656 450 693 quorum
472 656 606 681 eorum
629 645 730 681 unus
751 642 949 693 surrupuit
970 642 1139 681 currenti
1161 643 1307 681 cursori
1328 645 1467 683 solum.

281 709 358 748 CH.
391 707 444 746 ita
465 722 527 746 me
544 708 582 746 di
599 717 743 755 ament,
760 708 990 759 graphicum
1007 709 1132 747 furem
1150 712 1156 746 !
1201 710 1264 747 ST.
1294 708 1390 759 quid
1411 722 1484 760 ego
1504 711 1613 760 quod

1316 774 1429 825 periit
1451 777 1614 824 petam?

279 837 353 876 nisi
374 838 491 877 etiam
508 839 682 877 laborem
704 839 755 877 ad
771 839 962 877 damnum
984 838 1184 889 apponam
1201 839 1424 890 epithecam
1441 839 1609 892 insuper.
1636 851 1721 888 1025

280 903 375 953 quin
397 911 439 942 tu
460 905 568 954 quod
590 904 702 954 periit
724 904 883 954 periisse
904 903 1046 943 ducis?
1076 917 1173 954 cape
1195 904 1422 952 uorsoriam,

219 983 259 1005 20
279 968 408 1019 recipe
429 977 466 1008 te
486 970 537 1008 ad
563 983 682 1008 erum.
745 970 821 1009 C1-1.
855 982 936 1007 non
963 968 1167 1018 fugitiuost
1195 969 1258 1008 hic
1285 970 1419 1017 homo,
1442 983 1614 1009 comme-

1356 1034 1469 1074 minit
1489 1036 1610 1075 domi.

278 1100 341 1138 ST.
373 1099 524 1138 utinam
546 1107 698 1139 ueteres
720 1097 947 1151 homin(um
970 1097 1126 1151 mor>eS‚
1150 1107 1302 1138 ueteres
1323 1099 1586 1150 parsimoniae

277 1163 407 1214 potius
427 1164 503 1217 (in)
524 1164 669 1203 maiore
691 1166 841 1204 honore
862 1164 926 1203 hic
948 1172 1078 1203 essent
1100 1178 1219 1215 quam
1241 1178 1369 1203 mores
1391 1165 1506 1204 mali!

277 1232 354 1270 CH.
401 1230 442 1269 di
480 1229 721 1279 inmortales,
755 1229 917 1269 basilica
956 1230 1186 1281 hicquidem
1226 1229 1400 1269 facinora
1438 1230 1611 1281 inceptat
1634 1239 1724 1275 1030

1477 1296 1584 1347 loqui
1603 1299 1609 1335 !

276 1369 408 1400 uetera
428 1360 590 1411 quaerit,
613 1368 747 1400 uetera
767 1375 898 1400 amare
919 1362 1026 1399 hunc
1048 1375 1156 1400 more
1178 1360 1370 1400 maiorum
1393 1360 1503 1400 scias.

217 1439 254 1471 25
276 1429 339 1466 ST.
380 1440 472 1465 nam
502 1440 608 1465 nunc
644 1441 772 1466 mores
802 1426 913 1465 nihili
944 1426 1092 1465 faciunt
1122 1427 1232 1477 quod
1266 1426 1356 1465 licet
1391 1426 1464 1465 nisi
1500 1428 1610 1477 quod

1477 1492 1609 1531 lubet:

274 1556 439 1595 ambitio
460 1557 537 1595 iarn
560 1570 668 1596 more
690 1564 873 1604 sanctast,
897 1556 1056 1595 liberast
1076 1569 1099 1594 a
1119 1556 1271 1607 legibus
1286 1570 1296 1604 3

275 1632 385 1662 scuta
405 1624 531 1662 iacere
552 1625 763 1674 fugereque
786 1623 909 1662 hostis
931 1637 1040 1665 more
1061 1623 1210 1662 habent
1231 1621 1430 1661 licentiam
1448 1637 1456 1661 ι

274 1698 407 1740 petere
423 1691 614 1728 honorem
633 1703 702 1740 pro
719 1689 866 1740 flagitio
884 1703 992 1728 more
1009 1690 1063 1727 fit.
1104 1690 1182 1728 CH.
1207 1701 1356 1727 morem
1371 1687 1583 1738 inprobum
1601 1691 1608 1726 1
1631 1696 1718 1733 1035

275 1757 338 1794 ST.
371 1753 631 1807 strenuos<os>
650 1754 859 1806 praeterire
881 1768 989 1793 more
1010 1755 1063 1792 fit.
1118 1755 1196 1793 CH.
1229 1766 1400 1804 nequam
1421 1753 1609 1804 quidem!

215 1833 256 1864 30
275 1822 337 1859 ST.
371 1835 498 1860 mores
520 1822 623 1871 leges
644 1822 912 1871 perduxerunt
932 1820 1009 1858 iam
1032 1819 1070 1857 in
1092 1826 1329 1870 potestatem
1351 1832 1474 1867 suam,

276 1885 469 1936 magi’que
491 1886 520 1924 is
542 1894 632 1924 sunt
653 1886 897 1925 obnoxiosae
919 1899 1038 1936 quam
1060 1892 1241 1935 parentes
1262 1884 1404 1923 liberis.

323 1991 404 2020 1018
429 1992 589 2022 memoria
605 1990 670 2022 cod.
689 2002 696 2021 ε
721 2001 798 2022 corr.
818 1990 954 2031 Scjffcrt
1042 1989 1138 2031 quia]
1157 1989 1304 2029 quinque
1322 1987 1460 2019 stlucller
1473 1988 1607 2025 (le'n.

275 2033 367 2064 Bias.
384 2044 435 2073 54,
456 2036 535 2074 540)
630 2046 713 2066 1020
738 2035 876 2065 truchus
890 2034 962 2064 ΡΠ)
1054 2033 1216 2064 Struthus
1231 2033 1305 2071 suit,
1320 2032 1553 2072 Circonychus
1565 2034 1606 2073 (ἶ)

275 2078 340 2108 Leo
430 2078 585 2109 Crimnus
603 2078 752 2119 Scaliger
864 2087 942 2108 1021
971 2077 1039 2119 oc.]
1059 2077 1298 2116 collicrepidae
1314 2076 1436 2107 Becker
1524 2086 1606 2114 1024

275 2126 388 2152 ament
405 2122 478 2152 Ital.
498 2134 503 2152 z
529 2129 644 2153 amant
661 2122 726 2153 cod.
838 2131 918 2160 1025
943 2122 1133 2160 epithecam
1147 2120 1361 2152 Camerarius
1376 2131 1384 2150 t
1408 2120 1607 2159 apothecam

276 2165 340 2196 cod.
359 2177 364 2194 z
392 2167 607 2204 prosthecam
623 2168 665 2205 m
694 2166 758 2196 Leo
861 2165 943 2195 1028
968 2170 1033 2194 uet.
1052 2165 1222 2194 hominum
1241 2173 1351 2194 mores
1371 2162 1581 2194 Lindemann
1599 2175 1606 2194 ε

277 2214 345 2239 net.
359 2214 510 2240 ueterum
523 2220 633 2240 mores
648 2210 772 2240 thschl
862 2219 945 2247 1029
962 2219 993 2248 p.
1007 2209 1121 2238 maiori
1137 2208 1253 2238 honori
1266 2207 1332 2238 cod.
1350 2218 1357 2237 t
1380 2217 1458 2237 corr.
1470 2205 1605 2237 Loman

281 2263 355 2291 103¹
386 2264 478 2284 more
506 2253 643 2284 Densa:
677 2263 805 2283 morem
833 2252 899 2283 cod.
1050 2261 1131 2290 ¹032
1157 2250 1284 2291 mores]
1312 2251 1467 2280 homines
1496 2249 1606 2290 Bergk

277 2297 358 2326 nihil
384 2297 451 2327 cod.
576 2307 657 2335 1035
691 2298 821 2327 honore
847 2295 911 2326 cod.
944 2296 1036 2334 (cm-r.
1060 2295 1109 2325 Β)
1226 2295 1308 2332 1036
1331 2299 1487 2324 strenuos
1511 2293 1605 2325 cod.:

274 2351 350 2371 corr.
370 2340 482 2371 Loewc
620 2342 702 2379 1038
726 2341 834 2380 magis
859 2340 915 2378 qui
944 2345 1023 2369 sunt
1048 2338 1137 2369 cod:
1161 2347 1239 2368 corr.
1264 2336 1423 2378 Spenge'l:
1459 2348 1500 2368 m.
1527 2341 1604 2376 quls

274 2389 351 2414 sunt
367 2384 451 2414 Pius
533 2383 582 2414 vel
595 2394 759 2423 mageque
869 2383 1048 2413 obnoxiosi
1066 2381 1130 2412 cod.
1245 2380 1360 2412 liberis
1382 2379 1455 2412 Ital.
1474 2392 1481 2410 :
1506 2381 1602 2411 liberi

273 2427 339 2458 cod.
