1747 2740
757 131 934 169 PERSA
1458 131 1511 168 II.
1533 128 1563 166 ii

180 255 399 293 numquam
429 243 560 281 hercle
590 241 690 280 istuc
719 241 994 289 exterebrabis,
1027 243 1068 279 tii
1103 248 1145 279 ut
1175 240 1225 279 sis
1256 240 1366 291 peior
1395 253 1513 290 quam
1536 256 1577 288 55

1311 319 1384 355 ego
1405 305 1514 344 siem.

179 375 244 412 So.
278 373 426 412 malitia
445 380 592 412 certare
613 380 744 411 tecum
767 371 922 411 miseria
943 380 1012 411 est.
1064 374 1132 409 ΡΑ.
1157 385 1258 410 mers
1280 379 1321 409 tu
1340 373 1441 409 mala
1461 384 1513 410 es.

180 437 277 489 quid
293 446 352 477 est
368 439 477 488 quod
499 439 680 476 metuas?
728 439 793 476 So.
818 437 922 476 idem
941 436 1040 475 istuc
1058 438 1167 487 quod
1184 445 1225 475 tu
1244 452 1250 474 :
1272 450 1392 475 mora.
1445 438 1513 474 ΡΑ.

878 502 943 540 die
963 515 1066 551 ergo.
1127 504 1191 540 SO.
1224 509 1263 540 at
1284 501 1409 540 uotita
1429 514 1516 540 sum

93 582 163 616 240
181 582 231 609 ne
244 570 321 608 hoc
337 568 554 620 quoiquam
575 567 728 606 homini
744 567 952 615 edicerem,
971 581 1110 606 omnes
1132 567 1229 606 muti
1251 575 1292 606 ut
1314 569 1517 618 loqueren-

1316 641 1377 672 tur
1397 646 1514 683 prius.

180 702 248 739 ΡΑ.
273 699 448 739 edictum
462 706 521 739 est
537 712 682 750 magno
698 712 818 749 opere
835 698 942 746 mihi,
961 712 1012 737 ne
1027 698 1244 749 quoiquam
1267 700 1343 737 hoc
1364 698 1517 737 homini

1301 766 1514 812 crederem,

180 845 319 872 omnes
340 831 439 870 muti
460 838 503 870 ut
523 832 801 881 eloquerentur
822 829 927 881 prius
949 831 1025 869 hoc
1042 830 1161 881 quz'zm
1184 843 1267 881 ego.
1318 832 1383 869 So.
1415 838 1454 868 at
1475 838 1517 868 tu
1537 837 1578 869 60

1311 897 1388 934 hoc
1409 897 1493 935 face
1510 911 1517 934 :

181 965 259 1003 fide
280 965 372 1002 data
393 964 611 1002 credamus.
664 964 733 1000 ΡΑ.
767 961 861 1000 noui
881 978 887 1000 :
919 975 1059 1000 omnes
1081 970 1172 1000 sunt
1193 963 1305 1000 lenae
1321 962 1515 1009 leuifidae,

181 1043 311 1080 neque
332 1029 506 1080 tippulae
527 1028 653 1067 leuius
674 1028 849 1079 pondust
870 1040 990 1077 quam
1012 1028 1111 1066 fides
1133 1027 1301 1066 lenonia.

93 1105 159 1142 245
182 1097 246 1134 So.
283 1094 347 1134 dic
386 1094 542 1133 amabo.
603 1095 671 1132 PA.
709 1092 774 1131 dic
813 1093 970 1131 amabo.
1029 1094 1094 1131 So.
1132 1094 1226 1131 nolo
1266 1106 1384 1131 ames.
1446 1094 1514 1131 ΡΑ.

1183 1158 1296 1197 facile
1318 1159 1514 1210 impetras.

180 1228 244 1266 So.
276 1234 407 1265 tecum
429 1226 586 1264 habeto.
639 1227 708 1264 PA.
742 1232 779 1264 et
800 1227 842 1264 tii
863 1226 941 1264 hoc
958 1232 1098 1263 taceto.
1150 1225 1214 1263 So.
1248 1224 1411 1263 tacitum
1433 1225 1513 1263 erit.

1210 1292 1278 1328 ΡΑ.
1313 1290 1513 1329 celabitur.

181 1360 246 1398 So.
269 1358 411 1397 Toxilo
428 1360 498 1397 has
515 1359 597 1397 fero
614 1358 777 1396 tabellas
795 1365 864 1396 tuo
881 1371 958 1396 ero.
1004 1359 1072 1395 ΡΑ.
1097 1357 1172 1405 abi,
1189 1357 1370 1396 eccillum
1392 1357 1512 1396 domi.
1535 1360 1575 1402 65

179 1433 219 1465 at
227 1426 410 1477 egoha‘inc
423 1427 474 1464 ad
490 1425 808 1464 Lemniselenem
824 1434 933 1464 tuam
947 1439 1053 1464 eram
1069 1424 1316 1475 opsignatam
1330 1424 1512 1463 abietem.

179 1493 244 1531 So.
276 1491 373 1542 quid
403 1491 489 1529 istic
524 1491 742 1542 scriptum?
800 1493 868 1530 ΡΑ.
902 1491 1008 1529 iuxta
1043 1498 1186 1538 tecum,
1224 1491 1254 1529 si
1293 1498 1335 1529 tu
1374 1490 1512 1536 nescis,

1356 1569 1490 1594 nesclo
1506 1570 1515 1603 3

92 1635 161 1673 250
178 1623 252 1662 nisi
273 1625 436 1662 fortasse
458 1624 604 1662 blanda
625 1624 759 1662 uerba.
808 1624 873 1661 So.
906 1623 1018 1661 abeo.
1073 1624 1140 1661 ΡΑ.
1165 1630 1203 1661 et
1224 1635 1297 1672 ego
1313 1621 1514 1660 abiero.—

1243 1689 1308 1726 SO.
1340 1687 1511 1726 ambula.

664 1803 1013 1841 SAGAR1sT1o
1531 1796 1578 1833 iii

477 1885 565 1924 Ioui
591 1887 791 1937 opulento,
816 1885 976 1930 incluto,
1001 1872 1089 1933 Ope
1109 1889 1240 1932 gnato,

396 1965 591 2003 supremo,
615 1952 760 1999 ualido,
784 1949 1026 2002 uiripotenti‚

341 2031 449 2068 opes,
472 2031 561 2068 spes
582 2018 719 2065 bonas,
744 2016 879 2068 copias
901 2013 1174 2055 commodanti

396 2098 413 2118 *
473 2083 613 2121 lubens
634 2083 858 2133 uitulorque
879 2081 1029 2129 merito,

222 2197 284 2227 237
309 2187 407 2228 peior
424 2186 656 2218 Camerarius:
682 2188 776 2227 prior
793 2186 857 2217 cod.
984 2195 1047 2225 239
1071 2194 1163 2215 mora
1179 2184 1309 2225 scripsi:
1336 2193 1427 2214 more
1445 2194 1464 2214 n
1488 2184 1518 2215 T

177 2235 214 2262 ut
226 2231 301 2270 md,
315 2242 382 2263 om.
395 2231 470 2262 ΡΒΕ
553 2242 617 2270 240
639 2232 687 2262 vel
702 2232 849 2262 dicerem
940 2240 1003 2269 242
1029 2229 1081 2270 ut]
1099 2228 1210 2260 veluti
1271 2228 1513 2268 eloquerentur

179 2274 338 2306 Mueller:
362 2276 581 2315 loquerentur
606 2274 671 2306 cod.
685 2275 737 2316 (cf
759 2274 806 2306 ad
820 2274 983 2314 Mil.476i
1087 2283 1149 2312 244
1175 2283 1206 2303 n.
1234 2272 1385 2312 tippulae
1411 2271 1509 2304 Paul.

178 2320 262 2358 366:
289 2330 318 2351 n.
335 2319 480 2359 stipulae
494 2318 561 2350 cod.
577 2321 670 2359 &pro
684 2324 828 2358 nequest
844 2318 1008 2359 tippulae)
1075 2317 1125 2348 vel
1136 2317 1267 2356 pondus
1285 2322 1337 2347 est
1352 2316 1412 2353 [ita
1425 2315 1510 2355 cod.)

179 2364 242 2403 248
267 2363 383 2394 accedit
403 2363 436 2393 A
453 2374 460 2401 ;
484 2362 542 2393 sed
562 2363 667 2393 multa
687 2362 804 2393 desunt
823 2363 856 2393 in
875 2373 926 2393 vv.
947 2362 1054 2400 251—8
1152 2362 1237 2391 hanc
1257 2358 1514 2403 <huc>Scl10ell

179 2416 244 2446 250
267 2413 300 2438 et
318 2407 493 2438 Ac1'dalius
509 2419 514 2437 :
539 2412 572 2437 at
590 2406 629 2447 P,
652 2406 685 2437 A
701 2418 733 2437 n.
750 2407 770 2437 l.
875 2415 937 2445 254
963 2406 1118 2436 lammam
1136 2405 1220 2447 Stgn.
1241 2415 1280 2435 ex
1299 2405 1330 2435 A
1350 2404 1420 2435 cdd.
