1747 2740
133 118 257 157 IV.1'i
647 121 694 159 T.
728 120 909 160 MACCI
942 120 1146 159 PLAVTI

170 243 209 277 75
228 232 279 270 de
300 233 500 282 praedone
521 232 664 270 Siculo.
718 234 790 270 M1.
823 232 991 282 quanti?
1043 234 1106 271 ΞΥ.
1139 232 1415 283 duodeuiginti
1437 233 1564 282 minis,

227 299 325 336 duas
348 297 430 335 illas
452 306 490 336 et
512 298 791 336 Giddenenem
814 298 1008 337 nutricem
1029 312 1162 336 earum
1185 298 1350 337 tertiam.

227 370 266 401 et
286 363 349 401 ille
371 363 438 413 qui
459 376 524 402 eas
545 364 747 402 uendebat
768 363 865 401 dixit
886 377 927 402 se
948 362 1111 402 furtiuas
1133 364 1329 402 uendere:

227 428 418 478 ingenuas
440 428 679 479 Carthagine
698 428 805 467 aibat
826 442 921 467 esse.
983 431 1057 467 Μ1.
1090 429 1131 468 di
1152 437 1326 467 uostram
1347 431 1467 469 fidem
1485 434 1492 469 1
1586 443 1655 477 900

227 493 394 532 nimium
422 494 598 545 lepidum
625 508 820 533 memoras
848 494 1011 534 facinus.
1073 509 1164 533 nam
1187 496 1266 534 eru'
1287 509 1399 534 meus
1419 498 1564 546 Agora-

1422 564 1566 602 stocles

164 633 206 664 80
226 625 375 665 ibidem
395 634 565 677 gnatust,
588 627 669 666 ind'
690 635 893 678 surruptus
914 629 994 667 fere
1015 627 1208 675 sexennis,
1232 627 1378 679 postibi

226 692 294 742 qui
315 707 406 731 eum
423 693 620 744 surrupuit
637 695 715 732 huc
731 693 890 733 deuexit
911 708 1082 745 meoque
1098 694 1165 733 ero
1181 707 1273 733 eum
1290 694 1355 733 hic
1371 693 1563 734 uendidit.

226 757 258 796 is
278 758 318 796 in
339 758 497 798 diuitias
518 760 641 798 homo
661 759 868 810 adoptauit
889 761 996 799 hunc
1017 774 1140 811 quom
1161 760 1268 799 diem
1290 760 1389 799 obiit
1409 774 1535 799 suom.

226 825 290 862 ΞΥ.
323 824 457 863 omnia
477 838 673 864 memoras
694 839 774 876 quo
796 825 836 864 id
857 825 1009 864 facilius
1030 827 1097 864 fiat
1114 841 1121 864 :
1152 839 1272 864 manu
1293 839 1358 864 eas
1378 827 1544 872 adserat,
1584 838 1650 874 905

227 903 316 928 suas
337 890 548 941 popularis,
572 890 723 930 liberali
743 905 892 931 caussa.
935 891 1117 930 tacitu’s?
1176 894 1249 930 Mr.
1282 899 1370 930 tace
1389 893 1523 931 modo.

165 957 204 998 85
226 957 290 994 Sv.
323 957 501 1005 profecto
521 957 572 995 ad
593 956 732 995 incitas
754 958 940 996 lenonem
963 957 1126 1008 rediget,
1147 957 1179 996 si
1200 971 1265 996 eas
1285 956 1503 996 abduxerit.

226 1022 299 1059 M1.
333 1021 428 1071 quin
450 1021 547 1071 priu'
568 1022 774 1073 disperibit
795 1024 884 1062 faxo
904 1037 1024 1073 quam
1046 1037 1170 1062 unum
1191 1024 1341 1061 calcem
1363 1022 1510 1062 ciuerit.

225 1085 278 1124 ita
307 1095 534 1137 paratumst.
594 1090 658 1127 ΞΥ.
692 1088 745 1127 ita
778 1088 819 1128 di
854 1088 976 1128 faxint
1010 1102 1060 1128 ne
1093 1089 1201 1140 apud
1235 1090 1422 1127 lenonem
1457 1089 1564 1128 hunc

1369 1154 1562 1194 seruiam!

227 1220 299 1257 Mr.
333 1218 400 1269 qui
421 1220 553 1258 hercle
573 1219 815 1259 conlibertus
837 1222 940 1259 meu'
961 1222 1051 1260 faxo
1071 1229 1113 1259 tu
1135 1220 1220 1268 eris,
1243 1220 1299 1260 sei
1320 1220 1361 1259 di
1381 1222 1528 1259 uolent.
1582 1231 1652 1266 910

225 1286 288 1323 ΞΥ.
322 1284 375 1323 ita
396 1285 436 1324 di
458 1285 579 1324 faxint
597 1289 603 1324 ἒ
641 1286 838 1337 numquid
858 1286 966 1325 aliud
988 1301 1052 1325 me
1073 1300 1236 1334 morare,
1262 1286 1464 1337 Milphio?

161 1369 204 1402 90
227 1352 299 1389 M1.
333 1353 464 1390 ualeas
494 1352 678 1402 beneque
708 1360 751 1390 ut
778 1351 856 1398 tibi,
877 1352 935 1390 sit.
997 1354 1060 1392 Sv.
1093 1354 1162 1403 pol
1183 1352 1284 1391 istuc
1304 1351 1375 1391 tibi
1397 1360 1435 1391 et
1456 1360 1562 1391 tuost

1279 1432 1347 1457 ero
1366 1417 1406 1456 in
1427 1432 1558 1456 manu.

223 1484 310 1521 uale
341 1490 379 1522 et
408 1484 507 1521 haec
537 1497 630 1522 cura
659 1484 885 1522 clanculum
915 1492 958 1523 ut
988 1483 1066 1523 sint
1095 1483 1210 1523 dicta.
1273 1486 1346 1522 Mr.
1380 1497 1460 1522 non
1482 1484 1561 1523 dic-

1268 1558 1401 1588 tumst.
1460 1552 1559 1589 uale.

223 1616 285 1653 ΞΥ.
317 1622 356 1653 at
395 1615 501 1654 enirn
542 1614 638 1653 nihil
678 1624 747 1662 est,
784 1614 858 1654 nisi
897 1616 993 1654 dum
1033 1617 1134 1654 calet
1173 1617 1250 1654 hoc
1287 1615 1423 1665 agitur.
1486 1618 1558 1654 Mr.

1078 1680 1245 1731 lepidu's
1266 1695 1387 1731 quom
1409 1695 1558 1720 mones.

222 1754 260 1784 et
291 1745 344 1784 ita
373 1747 449 1784 hoc
480 1747 555 1784 fiet.
617 1748 680 1785 ΞΥ.
714 1747 838 1796 proba
874 1745 1054 1785 materies
1090 1747 1183 1785 data
1217 1754 1286 1793 est,
1323 1746 1354 1785 si
1389 1747 1558 1797 probum
1580 1763 1646 1798 915

1202 1811 1370 1850 adhibes
1390 1812 1556 1850 fabrum.

225 1879 299 1915 M1.
330 1876 440 1927 potin
480 1885 522 1915 ut
562 1879 721 1916 taceas?
777 1879 840 1916 ΞΥ.
874 1886 987 1916 taceo
1024 1886 1144 1928 atque
1182 1877 1428 1916 abeo—Mi.
1462 1877 1558 1916 mihi

1090 1943 1417 1983 commoditatem
1437 1957 1556 1982 creas.

163 2061 202 2095 95
226 2047 304 2086 illic
326 2048 417 2087 hinc
438 2047 544 2087 abiit.
603 2048 643 2087 di
665 2047 892 2087 inmortales
914 2062 1047 2087 meum
1069 2063 1179 2088 erum
1201 2057 1399 2088 seruatum
1421 2050 1562 2089 uolunt

225 2122 263 2152 et
285 2115 390 2152 hunc
412 2113 673 2164 disperditum
694 2115 879 2152 lenonem
899 2129 904 2151 z
936 2122 1089 2152 tantum
1112 2129 1202 2153 eum
1225 2115 1342 2153 instat
1363 2114 1464 2154 exiti.

224 2179 349 2218 satine
363 2179 460 2230 priu'
474 2193 592 2230 quam
610 2187 771 2218 unumst
788 2179 977 2218 iniectum
995 2182 1128 2227 telum,
1146 2180 1223 2219 iam
1241 2180 1358 2219 instat
1371 2182 1560 2219 alterum?

267 2268 330 2306 898
355 2267 582 2306 giddeminem
603 2267 636 2297 P
662 2271 700 2298 ut
721 2266 785 2299 vid.
931 2278 996 2307 903
1021 2268 1113 2309 eum]
1139 2273 1208 2299 tum
1238 2267 1270 2299 P
1364 2267 1457 2307 eum]
1475 2268 1559 2307 sort.

223 2316 290 2341 tum
447 2314 513 2351 906
538 2312 597 2342 M1.
629 2313 752 2342 tacitus
791 2317 865 2342 tace
909 2322 951 2343 m.
987 2312 1200 2342 Camerarius
1353 2312 1419 2351 908
1455 2322 1557 2343 unum

222 2358 360 2385 testatur
369 2354 501 2385 Nouius
523 2366 582 2394 199
600 2367 605 2385 :
634 2366 733 2386 unam
751 2355 840 2387 codd.
952 2366 1019 2395 909
1043 2357 1151 2395 lenem
1171 2356 1204 2385 A
1319 2366 1385 2395 910
1408 2356 1490 2395 quin
1508 2357 1554 2393 A,

222 2399 279 2428 sed
294 2400 396 2429 hercl*
416 2399 557 2440 displicet
648 2405 760 2430 tuom.
779 2399 811 2429 P
896 2410 934 2438 9¹
946 2410 957 2430 1
988 2410 1076 2430 nunc
1093 2401 1173 2439 quid
1191 2399 1224 2430 P
1311 2400 1359 2430 vel
1373 2399 1486 2431 aliud?
1504 2410 1557 2430 me

220 2453 285 2482 912
312 2448 369 2473 tuo
382 2449 473 2473 erost
492 2443 524 2473 P
540 2443 590 2483 «f.
611 2443 657 2473 ad
672 2443 766 2474 illcrc.
785 2445 865 2482 330)
975 2453 1039 2482 913
1066 2444 1152 2474 dicia
1173 2443 1202 2472 Ρ
1217 2443 1244 2481 χΙ
1258 2447 1319 2483 pro
1335 2443 1377 2473 Ti
1491 2453 1556 2484 917

222 2486 312 2517 illinc
332 2487 410 2518 hine
428 2487 461 2516 P
590 2497 655 2526 919
680 2488 762 2528 iarn]
781 2492 846 2517 tam
866 2491 902 2517 ut
917 2486 980 2518 vid.
1000 2487 1033 2517 P
1118 2487 1281 2527 alterum]
1300 2487 1422 2518 iterum
1440 2487 1473 2517 P
