1747 2740
180 139 210 178 I.
232 137 277 176 iii
648 136 694 176 T.
729 138 910 178 MACCI
943 137 1147 176 PLAVTI

231 255 305 293 To.
338 267 460 304 prope
482 267 544 292 me
566 252 629 291 hic
650 251 876 302 nescioquis
896 251 1079 303 loquitur.
1139 253 1230 291 SAT.
1262 265 1288 291 0
1309 250 1363 290 mi
1389 250 1567 303 Iuppiter

169 337 209 360 20
229 319 428 365 terrestris,
453 320 699 369 coepulonus
721 319 934 368 compellat
955 325 1054 356 tuos.
1114 331 1116 333 ’
1590 333 1656 359 100

227 385 302 423 TO.
335 398 359 423 ο
381 384 546 431 Saturio,
570 391 794 433 opportune
814 382 1011 422 aduenisti
1032 383 1139 421 mihi.

229 451 319 488 SAT.
353 449 605 488 mendacium
628 450 772 499 edepol
794 448 891 487 dicis
911 456 1031 498 atque
1052 449 1130 486 hau
1151 456 1189 487 te
1210 449 1349 488 decet:

228 529 320 553 nam
342 515 490 554 essurio
511 515 641 561 uenio,
665 528 746 553 non
767 514 940 552 aduenio
961 514 1117 552 saturio.

228 582 302 619 TO.
335 588 373 619 at
395 581 500 628 edes,
524 594 615 618 nam
639 580 715 618 iam
739 579 844 618 intus
865 579 1012 618 uentris
1034 581 1186 618 fumant
1208 581 1348 619 focula.

165 664 202 694 25
227 646 395 685 calefieri
416 645 510 684 iussi
532 645 726 695 reliquias.
786 647 879 684 SAT.
911 659 1073 695 pernam
1096 645 1258 695 quidem
1590 655 1652 692 103

227 710 286 749 ius
308 719 366 749 est
386 711 534 761 adponi
556 711 736 762 frigidam
758 710 959 761 postridie.

227 777 301 814 To.
335 775 387 814 ita
408 776 489 814 fieri
511 775 615 814 iussi.
677 778 768 815 SAT.
801 775 946 826 ecquid
967 775 1158 814 hallecis?
1205 777 1279 814 To.
1312 776 1402 822 uah,
1425 777 1568 826 rogas?

228 842 321 880 SAT.
352 841 446 892 sapi'
468 843 637 880 multum
659 843 709 880 ad
730 841 903 892 genium.
944 842 1019 880 TO.
1052 842 1123 880 sed
1150 840 1295 891 ecquid
1323 840 1566 879 meministin

1473 907 1566 945 here

227 985 305 1022 qua
326 973 376 1011 de
396 986 436 1011 re
457 986 530 1022 ego
552 980 683 1011 tecum
706 971 951 1011 mentionem
973 972 1173 1010 feceram?

166 1053 207 1084 30
227 1038 317 1075 SAT.
351 1037 512 1075 memini
531 1053 537 1076 :
568 1045 611 1075 ut
632 1050 796 1076 murena
817 1045 855 1075 et
876 1050 1021 1087 conger
1042 1050 1092 1074 ne
1113 1036 1338 1075 calefierent
1353 1049 1364 1084 3
1590 1046 1655 1072 110

226 1114 319 1139 nam
341 1101 464 1140 nimio
486 1102 626 1140 melius
648 1109 915 1152 oppectuntur
936 1101 1084 1151 frigida.

227 1167 298 1205 sed
319 1166 416 1216 quid
437 1180 636 1205 cessamus
658 1166 853 1217 proelium
875 1167 1152 1205 committere?

227 1231 323 1269 dum
347 1245 462 1269 mane
483 1239 554 1280 est,
576 1231 705 1270 omnis
728 1245 814 1270 esse
835 1231 1009 1270 mortalis
1031 1233 1157 1270 decet.

227 1298 303 1335 To.
336 1297 443 1335 nimi'
463 1311 589 1348 paene
611 1306 776 1336 manest.
837 1299 927 1336 SAT.
961 1311 1077 1336 mane
1099 1298 1208 1348 quod
1229 1305 1271 1336 tu
1292 1297 1494 1349 occeperis

167 1376 205 1409 35
228 1362 430 1412 negotium
451 1376 578 1413 agere,
600 1363 640 1402 id
662 1371 789 1402 totum
812 1362 991 1413 procedit
1013 1362 1129 1402 diem.
1589 1374 1651 1410 115

227 1429 301 1466 To.
335 1442 483 1478 quaeso
504 1428 681 1467 animum
703 1430 869 1467 aduorte
890 1429 977 1467 hoc.
1038 1428 1116 1466 iam
1138 1428 1220 1468 heri
1241 1428 1395 1467 narraui
1416 1428 1487 1468 tibi

227 1500 440 1544 tecumque
461 1494 570 1533 oraui
591 1502 633 1532 ut
655 1507 841 1532 nummos
864 1501 1064 1532 sescentos
1087 1493 1184 1532 mihi

228 1560 341 1598 dares
363 1560 532 1598 utendos
555 1567 724 1598 mutuos.
785 1560 876 1598 SAT.
911 1558 1073 1597 memini
1096 1567 1133 1597 et
1155 1559 1237 1598 scio

228 1632 266 1663 et
287 1632 325 1664 te
347 1639 410 1664 me
431 1639 540 1664 orare
561 1633 598 1664 et
620 1625 716 1663 mihi
739 1638 819 1663 non
842 1638 926 1663 esse
947 1616 1056 1675 quod
1077 1625 1224 1663 darem.

163 1707 207 1739 40
228 1690 339 1729 nihili
361 1691 552 1741 parasitus
573 1698 631 1730 est
652 1690 720 1741 qui
742 1689 1176 1740 Argentumdonidest:
1589 1701 1655 1728 120

228 1756 367 1795 lubido
388 1759 586 1807 extemplo
607 1765 812 1807 coeperest
833 1756 1076 1804 conuiuium,

228 1821 469 1861 tuburcinari
490 1823 540 1860 de
561 1835 647 1870 suo,
668 1821 699 1860 si
721 1821 818 1872 quid
841 1821 997 1860 domist.

228 1886 411 1936 cynicum
433 1900 518 1926 esse
539 1894 720 1937 egentem
744 1894 899 1937 oportet
921 1886 1133 1937 parasitum
1156 1887 1304 1937 probe:

228 1954 455 2003 ampullam,
479 1952 677 2002 strigilem,
702 1952 920 2003 scaphium,
943 1966 1093 1999 soccos,
1117 1953 1291 2003 pallium,

165 2035 209 2068 45
230 2018 500 2069 marsuppium
522 2019 676 2065 habeat,
701 2018 797 2057 inibi
818 2020 993 2069 paullum
1014 2018 1184 2069 praesidi
1586 2030 1649 2068 125

229 2084 296 2135 qui
318 2084 548 2124 familiarem
570 2098 681 2123 suam
703 2084 824 2123 uitam
846 2084 1018 2124 oblectet
1040 2086 1172 2124 modo.

274 2198 336 2219 100
355 2188 422 2229 [te]
438 2199 466 2220 c.
480 2188 556 2218 PBC
650 2199 710 2227 104
729 2189 770 2219 ad
788 2188 891 2219 aedes
909 2188 996 2219 codd.
1015 2188 1120 2219 Nonii
1133 2199 1172 2220 10
1188 2199 1195 2219 :
1219 2189 1330 2220 atedis
1345 2188 1412 2220 cod.
1484 2200 1566 2220 uen—

228 2232 288 2262 tris
304 2232 394 2262 codd.
414 2232 533 2263 Nom't':
562 2233 698 2262 ueneris
716 2232 783 2264 cod.
932 2235 994 2263 106
1019 2233 1127 2263 iusses
1144 2233 1259 2274 Braggc
1275 2245 1281 2264 :
1306 2233 1426 2264 satiust
1441 2232 1569 2263 Sclnoell

231 2286 290 2315 107
317 2277 440 2315 ecquid
457 2280 644 2316 suspectum
796 2276 857 2306 108
882 2277 942 2306 scd
961 2276 1040 2318 (tu)
1058 2276 1186 2307 Sclioell
1295 2277 1476 2307 meministi
1494 2276 1562 2307 cod.

232 2330 294 2349 110
312 2331 353 2349 nc
367 2320 455 2351 codd.
470 2320 634 2350 Prisciani
649 2330 673 2353 1,
689 2330 750 2358 224
768 2332 774 2350 :
799 2330 861 2349 nec
875 2319 940 2350 cod.
1017 2331 1025 2350 1
1040 2323 1075 2350 16
1095 2320 1218 2362 [enim]
1235 2320 1297 2351 iam
1312 2320 1385 2351 ΡΠ)
1432 2325 1567 2350 narrant

230 2363 329 2402 (—auit
341 2363 413 2393 ΡΠ)
442 2363 507 2394 cod.
605 2374 666 2394 120
682 2375 713 2402 q.
730 2368 907 2403 argentum
922 2364 1088 2394 domidcst
1106 2364 1171 2395 cod.
1186 2376 1193 2395 ι
1212 2365 1299 2395 —dast
1311 2364 1460 2395 Scleoell:
1476 2365 1566 2403 quist

227 2406 564 2445 Argentumdonidcs
582 2407 753 2438 Fleckeisen
772 2408 826 2444 (τῇ
848 2407 893 2437 ατί
908 2407 1002 2438 ᾸΙεντ.
1025 2410 1116 2446 33οΝ,
1135 2419 1216 2438 nam
1235 2409 1324 2438 —dcst
1344 2413 1406 2448 pro
1424 2409 1498 2438 -des
1514 2413 1567 2438 est

227 2455 414 2491 suspectum
433 2463 439 2481 :
457 2452 509 2481 cui
528 2462 556 2482 a.
572 2452 662 2482 domi
679 2456 732 2482 est
747 2450 891 2491 Pylades
983 2461 1042 2490 123
1060 2457 1216 2490 egentem
1231 2451 1305 2482 Ital.
1325 2463 1332 2482 τ
1349 2457 1484 2491 gentem
1496 2451 1562 2482 cod.
