<?xml version="1.0" encoding="UTF-8"?>
<!DOCTYPE html PUBLIC "-//W3C//DTD XHTML 1.0 Transitional//EN"
    "http://www.w3.org/TR/xhtml1/DTD/xhtml1-transitional.dtd">
<html xmlns="http://www.w3.org/1999/xhtml" xml:lang="en" lang="en">
 <head>
  <title>
</title>
<meta http-equiv="Content-Type" content="text/html;charset=utf-8" />
  <meta name='ocr-system' content='tesseract 3.04.00' />
  <meta name='ocr-capabilities' content='ocr_page ocr_carea ocr_par ocr_line ocrx_word'/>
</head>
<body>
  <div class='ocr_page' id='page_1' title='image "./comoediaerecogno02plau_0543.png"; bbox 0 0 1747 2740; ppageno 0'>
   <div class='ocr_carea' id='block_1_1' title="bbox 100 357 169 396">
    <p class='ocr_par' dir='ltr' id='par_1_1' title="bbox 100 357 169 396">
     <span class='ocr_line' id='line_1_1' title="bbox 100 357 169 396; baseline -0.014 0"><span class='ocrx_word' id='word_1_1' title='bbox 100 357 169 396; x_wconf 85' lang='lat'>530</span> 
     </span>
    </p>
   </div>
   <div class='ocr_carea' id='block_1_2' title="bbox 95 681 160 719">
    <p class='ocr_par' dir='ltr' id='par_1_2' title="bbox 95 681 160 719">
     <span class='ocr_line' id='line_1_2' title="bbox 95 681 160 719; baseline -0.015 0"><span class='ocrx_word' id='word_1_2' title='bbox 95 681 160 719; x_wconf 87' lang='grc'>535</span> 
     </span>
    </p>
   </div>
   <div class='ocr_carea' id='block_1_3' title="bbox 89 1140 158 1180">
    <p class='ocr_par' dir='ltr' id='par_1_3' title="bbox 89 1140 158 1180">
     <span class='ocr_line' id='line_1_3' title="bbox 89 1140 158 1180; baseline -0.043 0"><span class='ocrx_word' id='word_1_3' title='bbox 89 1140 158 1180; x_wconf 84' lang='lat'>540</span> 
     </span>
    </p>
   </div>
   <div class='ocr_carea' id='block_1_4' title="bbox 650 99 1595 142">
    <p class='ocr_par' dir='ltr' id='par_1_4' title="bbox 650 99 1595 142">
     <span class='ocr_line' id='line_1_4' title="bbox 650 99 1595 142; baseline 0.005 -5"><span class='ocrx_word' id='word_1_4' title='bbox 650 99 1065 139; x_wconf 90' lang='lat' dir='ltr'>TRVCVLENTVS</span> <span class='ocrx_word' id='word_1_5' title='bbox 1474 105 1527 142; x_wconf 91' lang='lat' dir='ltr'>II.</span> <span class='ocrx_word' id='word_1_6' title='bbox 1551 105 1595 142; x_wconf 79' lang='lat' dir='ltr'>vi</span> 
     </span>
    </p>
   </div>
   <div class='ocr_carea' id='block_1_5' title="bbox 175 211 1586 1371">
    <p class='ocr_par' dir='ltr' id='par_1_5' title="bbox 175 211 1586 1371">
     <span class='ocr_line' id='line_1_5' title="bbox 187 211 1526 268; baseline 0.003 -17"><span class='ocrx_word' id='word_1_7' title='bbox 187 211 341 252; x_wconf 82' lang='lat' dir='ltr'>sanium</span> <span class='ocrx_word' id='word_1_8' title='bbox 357 218 491 264; x_wconf 86' lang='lat' dir='ltr'>petere</span> <span class='ocrx_word' id='word_1_9' title='bbox 507 219 618 251; x_wconf 88' lang='lat' dir='ltr'>tuom</span> <span class='ocrx_word' id='word_1_10' title='bbox 636 212 785 260; x_wconf 88' lang='lat' dir='ltr'>iubeas,</span> <span class='ocrx_word' id='word_1_11' title='bbox 794 213 1013 263; x_wconf 84' lang='lat' dir='ltr'>peterehau</span> <span class='ocrx_word' id='word_1_12' title='bbox 1021 212 1272 268; x_wconf 83' lang='lat' dir='ltr'>pigeat[me],</span> <span class='ocrx_word' id='word_1_13' title='bbox 1290 217 1366 255; x_wconf 89' lang='lat' dir='ltr'>mel</span> <span class='ocrx_word' id='word_1_14' title='bbox 1382 230 1526 255; x_wconf 87' lang='lat' dir='ltr'>meum.</span> 
     </span>
     <span class='ocr_line' id='line_1_6' title="bbox 187 278 1453 330; baseline 0.003 -13"><span class='ocrx_word' id='word_1_15' title='bbox 187 278 227 317; x_wconf 91' lang='lat' dir='ltr'>id</span> <span class='ocrx_word' id='word_1_16' title='bbox 249 278 302 317; x_wconf 88' lang='lat' dir='ltr'>ita</span> <span class='ocrx_word' id='word_1_17' title='bbox 322 292 408 317; x_wconf 87' lang='lat' dir='ltr'>esse</span> <span class='ocrx_word' id='word_1_18' title='bbox 429 285 589 329; x_wconf 85' lang='lat' dir='ltr'>experta</span> <span class='ocrx_word' id='word_1_19' title='bbox 609 292 650 317; x_wconf 87' lang='lat' dir='ltr'>es</span> <span class='ocrx_word' id='word_1_20' title='bbox 670 293 677 316; x_wconf 72' lang='grc' dir='ltr'>ε</span> <span class='ocrx_word' id='word_1_21' title='bbox 707 292 814 317; x_wconf 84' lang='lat' dir='ltr'>nunc</span> <span class='ocrx_word' id='word_1_22' title='bbox 835 278 1043 329; x_wconf 86' lang='lat' dir='ltr'>experiere,</span> <span class='ocrx_word' id='word_1_23' title='bbox 1068 294 1156 318; x_wconf 83' lang='lat' dir='ltr'>mea</span> <span class='ocrx_word' id='word_1_24' title='bbox 1178 282 1453 330; x_wconf 87' lang='lat' dir='ltr'>Phronesium,</span> 
     </span>
     <span class='ocr_line' id='line_1_7' title="bbox 188 337 1422 396; baseline 0.004 -14"><span class='ocrx_word' id='word_1_25' title='bbox 188 358 251 383; x_wconf 89' lang='lat' dir='ltr'>me</span> <span class='ocrx_word' id='word_1_26' title='bbox 272 351 310 383; x_wconf 87' lang='lat' dir='ltr'>te</span> <span class='ocrx_word' id='word_1_27' title='bbox 329 358 472 383; x_wconf 87' lang='lat' dir='ltr'>amare.</span> <span class='ocrx_word' id='word_1_28' title='bbox 531 343 679 383; x_wconf 84' lang='lat' dir='ltr'>adduxi</span> <span class='ocrx_word' id='word_1_29' title='bbox 700 337 862 383; x_wconf 78' lang='lat' dir='ltr'>ancillas</span> <span class='ocrx_word' id='word_1_30' title='bbox 883 344 954 383; x_wconf 89' lang='lat' dir='ltr'>tibi</span> <span class='ocrx_word' id='word_1_31' title='bbox 975 359 1089 384; x_wconf 84' lang='lat' dir='ltr'>eccas</span> <span class='ocrx_word' id='word_1_32' title='bbox 1111 359 1156 385; x_wconf 84' lang='lat' dir='ltr'>ex</span> <span class='ocrx_word' id='word_1_33' title='bbox 1178 347 1289 385; x_wconf 87' lang='lat' dir='ltr'>Suria</span> <span class='ocrx_word' id='word_1_34' title='bbox 1309 349 1422 396; x_wconf 83' lang='lat' dir='ltr'>duas,</span> 
     </span>
     <span class='ocr_line' id='line_1_8' title="bbox 185 409 1586 463; baseline 0.003 -15"><span class='ocrx_word' id='word_1_35' title='bbox 185 410 217 449; x_wconf 86' lang='lat' dir='ltr'>is</span> <span class='ocrx_word' id='word_1_36' title='bbox 239 417 277 448; x_wconf 88' lang='lat' dir='ltr'>te</span> <span class='ocrx_word' id='word_1_37' title='bbox 296 411 415 449; x_wconf 88' lang='lat' dir='ltr'>dono.</span> <span class='ocrx_word' id='word_1_38' title='bbox 475 410 633 448; x_wconf 88' lang='lat' dir='ltr'>adduce</span> <span class='ocrx_word' id='word_1_39' title='bbox 654 411 731 448; x_wconf 88' lang='lat' dir='ltr'>hoc</span> <span class='ocrx_word' id='word_1_40' title='bbox 752 417 793 448; x_wconf 92' lang='lat' dir='ltr'>tu</span> <span class='ocrx_word' id='word_1_41' title='bbox 814 409 918 448; x_wconf 85' lang='lat' dir='ltr'>istas.</span> <span class='ocrx_word' id='word_1_42' title='bbox 978 412 1048 450; x_wconf 84' lang='lat' dir='ltr'>sed</span> <span class='ocrx_word' id='word_1_43' title='bbox 1070 410 1166 450; x_wconf 84' lang='lat' dir='ltr'>istae</span> <span class='ocrx_word' id='word_1_44' title='bbox 1187 412 1344 463; x_wconf 86' lang='lat' dir='ltr'>reginae</span> <span class='ocrx_word' id='word_1_45' title='bbox 1364 413 1473 452; x_wconf 89' lang='lat' dir='ltr'>domi</span> <span class='ocrx_word' id='word_1_46' title='bbox 1546 428 1586 461; x_wconf 90' lang='lat'>50</span> 
     </span>
     <span class='ocr_line' id='line_1_9' title="bbox 184 473 1505 528; baseline 0.002 -14"><span class='ocrx_word' id='word_1_47' title='bbox 184 488 279 514; x_wconf 85' lang='lat' dir='ltr'>suae</span> <span class='ocrx_word' id='word_1_48' title='bbox 299 476 406 514; x_wconf 89' lang='lat' dir='ltr'>fuere</span> <span class='ocrx_word' id='word_1_49' title='bbox 427 475 581 522; x_wconf 89' lang='lat' dir='ltr'>ambae,</span> <span class='ocrx_word' id='word_1_50' title='bbox 604 488 742 514; x_wconf 85' lang='lat' dir='ltr'>uerum</span> <span class='ocrx_word' id='word_1_51' title='bbox 758 473 928 528; x_wconf 80' lang='lat' dir='ltr'>(earum)</span> <span class='ocrx_word' id='word_1_52' title='bbox 943 476 1109 526; x_wconf 87' lang='lat' dir='ltr'>patriam</span> <span class='ocrx_word' id='word_1_53' title='bbox 1131 490 1204 527; x_wconf 83' lang='lat' dir='ltr'>ego</span> <span class='ocrx_word' id='word_1_54' title='bbox 1224 478 1351 517; x_wconf 86' lang='lat' dir='ltr'>excidi</span> <span class='ocrx_word' id='word_1_55' title='bbox 1374 492 1505 518; x_wconf 85' lang='lat' dir='ltr'>manu.</span> 
     </span>
     <span class='ocr_line' id='line_1_10' title="bbox 183 539 1336 592; baseline 0.003 -14"><span class='ocrx_word' id='word_1_56' title='bbox 183 539 244 579; x_wconf 87' lang='lat' dir='ltr'>his</span> <span class='ocrx_word' id='word_1_57' title='bbox 264 547 303 579; x_wconf 88' lang='lat' dir='ltr'>te</span> <span class='ocrx_word' id='word_1_58' title='bbox 323 541 442 579; x_wconf 90' lang='lat' dir='ltr'>dono.</span> <span class='ocrx_word' id='word_1_59' title='bbox 504 542 579 579; x_wconf 87' lang='lat' dir='ltr'>PH.</span> <span class='ocrx_word' id='word_1_60' title='bbox 612 540 839 591; x_wconf 84' lang='lat' dir='ltr'>paenitetne</span> <span class='ocrx_word' id='word_1_61' title='bbox 860 548 898 580; x_wconf 89' lang='lat' dir='ltr'>te</span> <span class='ocrx_word' id='word_1_62' title='bbox 919 549 1017 592; x_wconf 86' lang='lat' dir='ltr'>quot</span> <span class='ocrx_word' id='word_1_63' title='bbox 1036 542 1198 581; x_wconf 82' lang='lat' dir='ltr'>ancillas</span> <span class='ocrx_word' id='word_1_64' title='bbox 1219 545 1336 591; x_wconf 89' lang='lat' dir='ltr'>alam,</span> 
     </span>
     <span class='ocr_line' id='line_1_11' title="bbox 182 605 1454 657; baseline 0.003 -13"><span class='ocrx_word' id='word_1_65' title='bbox 182 605 278 657; x_wconf 89' lang='lat' dir='ltr'>quin</span> <span class='ocrx_word' id='word_1_66' title='bbox 300 619 466 645; x_wconf 81' lang='lat' dir='ltr'>examen</span> <span class='ocrx_word' id='word_1_67' title='bbox 488 619 605 656; x_wconf 89' lang='lat' dir='ltr'>super</span> <span class='ocrx_word' id='word_1_68' title='bbox 625 607 802 645; x_wconf 82' lang='lat' dir='ltr'>adducas</span> <span class='ocrx_word' id='word_1_69' title='bbox 822 620 924 657; x_wconf 84' lang='lat' dir='ltr'>quae</span> <span class='ocrx_word' id='word_1_70' title='bbox 946 607 1043 646; x_wconf 92' lang='lat' dir='ltr'>mihi</span> <span class='ocrx_word' id='word_1_71' title='bbox 1064 608 1267 647; x_wconf 81' lang='lat' dir='ltr'>comedint</span> <span class='ocrx_word' id='word_1_72' title='bbox 1289 609 1454 649; x_wconf 85' lang='lat' dir='ltr'>cibum?</span> 
     </span>
     <span class='ocr_line' id='line_1_12' title="bbox 183 671 1523 728; baseline 0.004 -19"><span class='ocrx_word' id='word_1_73' title='bbox 183 672 331 710; x_wconf 81' lang='lat' dir='ltr'>STRAT.</span> <span class='ocrx_word' id='word_1_74' title='bbox 368 672 446 709; x_wconf 92' lang='lat' dir='ltr'>hoc</span> <span class='ocrx_word' id='word_1_75' title='bbox 475 671 638 722; x_wconf 88' lang='lat' dir='ltr'>quidem</span> <span class='ocrx_word' id='word_1_76' title='bbox 669 673 800 711; x_wconf 87' lang='lat' dir='ltr'>hercle</span> <span class='ocrx_word' id='word_1_77' title='bbox 830 672 1062 724; x_wconf 83' lang='lat' dir='ltr'>ingratumst</span> <span class='ocrx_word' id='word_1_78' title='bbox 1093 672 1290 728; x_wconf 88' lang='lat' dir='ltr'>[donum].</span> <span class='ocrx_word' id='word_1_79' title='bbox 1351 677 1452 714; x_wconf 91' lang='lat' dir='ltr'>cedo</span> <span class='ocrx_word' id='word_1_80' title='bbox 1481 683 1523 715; x_wconf 88' lang='lat' dir='ltr'>tu</span> 
     </span>
     <span class='ocr_line' id='line_1_13' title="bbox 955 738 1521 791; baseline 0.007 -15"><span class='ocrx_word' id='word_1_81' title='bbox 955 739 1008 776; x_wconf 90' lang='lat' dir='ltr'>mi</span> <span class='ocrx_word' id='word_1_82' title='bbox 1030 738 1155 787; x_wconf 86' lang='lat' dir='ltr'>istam,</span> <span class='ocrx_word' id='word_1_83' title='bbox 1179 753 1309 790; x_wconf 86' lang='lat' dir='ltr'>puere,</span> <span class='ocrx_word' id='word_1_84' title='bbox 1333 743 1521 791; x_wconf 85' lang='lat' dir='ltr'>perulam.</span> 
     </span>
     <span class='ocr_line' id='line_1_14' title="bbox 181 802 1582 858; baseline 0.004 -18"><span class='ocrx_word' id='word_1_85' title='bbox 181 815 269 841; x_wconf 88' lang='lat' dir='ltr'>mea</span> <span class='ocrx_word' id='word_1_86' title='bbox 289 803 484 853; x_wconf 89' lang='lat' dir='ltr'>uoluptas,</span> <span class='ocrx_word' id='word_1_87' title='bbox 507 802 620 840; x_wconf 89' lang='lat' dir='ltr'>attuli</span> <span class='ocrx_word' id='word_1_88' title='bbox 640 816 776 841; x_wconf 90' lang='lat' dir='ltr'>eccam</span> <span class='ocrx_word' id='word_1_89' title='bbox 798 804 985 853; x_wconf 90' lang='lat' dir='ltr'>pallulam</span> <span class='ocrx_word' id='word_1_90' title='bbox 1006 818 1053 842; x_wconf 89' lang='lat' dir='ltr'>ex</span> <span class='ocrx_word' id='word_1_91' title='bbox 1074 805 1242 855; x_wconf 85' lang='lat' dir='ltr'>Phrygia</span> <span class='ocrx_word' id='word_1_92' title='bbox 1261 805 1343 844; x_wconf 92' lang='lat' dir='ltr'>tibi.</span> <span class='ocrx_word' id='word_1_93' title='bbox 1544 826 1582 858; x_wconf 86' lang='lat'>55</span> 
     </span>
     <span class='ocr_line' id='line_1_15' title="bbox 179 867 1523 911; baseline 0.004 -5"><span class='ocrx_word' id='word_1_94' title='bbox 179 875 271 907; x_wconf 91' lang='lat' dir='ltr'>tene</span> <span class='ocrx_word' id='word_1_95' title='bbox 291 867 374 906; x_wconf 86' lang='lat' dir='ltr'>tibi.</span> <span class='ocrx_word' id='word_1_96' title='bbox 416 869 492 906; x_wconf 85' lang='lat' dir='ltr'>PH.</span> <span class='ocrx_word' id='word_1_97' title='bbox 516 867 659 906; x_wconf 90' lang='lat' dir='ltr'>hoccin</span> <span class='ocrx_word' id='word_1_98' title='bbox 677 868 773 906; x_wconf 89' lang='lat' dir='ltr'>mihi</span> <span class='ocrx_word' id='word_1_99' title='bbox 790 869 843 907; x_wconf 91' lang='lat' dir='ltr'>ob</span> <span class='ocrx_word' id='word_1_100' title='bbox 860 869 1014 908; x_wconf 84' lang='lat' dir='ltr'>labores</span> <span class='ocrx_word' id='word_1_101' title='bbox 1036 876 1166 908; x_wconf 85' lang='lat' dir='ltr'>tantos</span> <span class='ocrx_word' id='word_1_102' title='bbox 1188 870 1385 909; x_wconf 86' lang='lat' dir='ltr'>tantillum</span> <span class='ocrx_word' id='word_1_103' title='bbox 1407 872 1523 911; x_wconf 86' lang='lat' dir='ltr'>dari?</span> 
     </span>
     <span class='ocr_line' id='line_1_16' title="bbox 179 931 1522 987; baseline 0.004 -16"><span class='ocrx_word' id='word_1_104' title='bbox 179 934 328 972; x_wconf 82' lang='lat' dir='ltr'>STRAT.</span> <span class='ocrx_word' id='word_1_105' title='bbox 360 932 457 984; x_wconf 88' lang='lat' dir='ltr'>perii</span> <span class='ocrx_word' id='word_1_106' title='bbox 478 934 609 972; x_wconf 88' lang='lat' dir='ltr'>hercle</span> <span class='ocrx_word' id='word_1_107' title='bbox 628 931 738 986; x_wconf 74' lang='lat' dir='ltr'>(ego)</span> <span class='ocrx_word' id='word_1_108' title='bbox 759 933 876 972; x_wconf 90' lang='lat' dir='ltr'>miser</span> <span class='ocrx_word' id='word_1_109' title='bbox 895 937 901 972; x_wconf 70' lang='grc' dir='ltr'>ἓ</span> <span class='ocrx_word' id='word_1_110' title='bbox 946 934 1024 973; x_wconf 92' lang='lat' dir='ltr'>iam</span> <span class='ocrx_word' id='word_1_111' title='bbox 1044 933 1134 987; x_wconf 81' lang='lat' dir='ltr'>(mi)</span> <span class='ocrx_word' id='word_1_112' title='bbox 1152 949 1248 974; x_wconf 91' lang='lat' dir='ltr'>auro</span> <span class='ocrx_word' id='word_1_113' title='bbox 1273 944 1411 976; x_wconf 85' lang='lat' dir='ltr'>contra</span> <span class='ocrx_word' id='word_1_114' title='bbox 1431 951 1522 976; x_wconf 89' lang='lat' dir='ltr'>con—</span> 
     </span>
     <span class='ocr_line' id='line_1_17' title="bbox 1295 1002 1520 1043; baseline 0.013 -3"><span class='ocrx_word' id='word_1_115' title='bbox 1295 1009 1370 1041; x_wconf 86' lang='lat' dir='ltr'>stat</span> <span class='ocrx_word' id='word_1_116' title='bbox 1391 1002 1492 1042; x_wconf 89' lang='lat' dir='ltr'>filius</span> <span class='ocrx_word' id='word_1_117' title='bbox 1512 1019 1520 1043; x_wconf 92' lang='lat'><strong>:</strong></span> 
     </span>
     <span class='ocr_line' id='line_1_18' title="bbox 176 1062 1312 1115; baseline 0.004 -14"><span class='ocrx_word' id='word_1_118' title='bbox 176 1063 295 1102; x_wconf 88' lang='lat' dir='ltr'>etiam</span> <span class='ocrx_word' id='word_1_119' title='bbox 317 1062 429 1102; x_wconf 90' lang='lat' dir='ltr'>nihili</span> <span class='ocrx_word' id='word_1_120' title='bbox 449 1063 588 1114; x_wconf 84' lang='lat' dir='ltr'>pendit</span> <span class='ocrx_word' id='word_1_121' title='bbox 607 1063 702 1102; x_wconf 87' lang='lat' dir='ltr'>addi</span> <span class='ocrx_word' id='word_1_122' title='bbox 723 1077 948 1115; x_wconf 88' lang='lat' dir='ltr'>purpuram.</span> <span class='ocrx_word' id='word_1_123' title='bbox 1008 1079 1054 1104; x_wconf 85' lang='lat' dir='ltr'>ex</span> <span class='ocrx_word' id='word_1_124' title='bbox 1075 1066 1221 1105; x_wconf 85' lang='lat' dir='ltr'>Arabia</span> <span class='ocrx_word' id='word_1_125' title='bbox 1241 1067 1312 1106; x_wconf 89' lang='lat' dir='ltr'>tibi</span> 
     </span>
     <span class='ocr_line' id='line_1_19' title="bbox 175 1129 1353 1181; baseline 0.004 -14"><span class='ocrx_word' id='word_1_126' title='bbox 175 1129 288 1168; x_wconf 86' lang='lat' dir='ltr'>attuli</span> <span class='ocrx_word' id='word_1_127' title='bbox 309 1136 382 1177; x_wconf 88' lang='lat' dir='ltr'>tus,</span> <span class='ocrx_word' id='word_1_128' title='bbox 407 1131 537 1168; x_wconf 84' lang='lat' dir='ltr'>Ponto</span> <span class='ocrx_word' id='word_1_129' title='bbox 556 1142 772 1168; x_wconf 88' lang='lat' dir='ltr'>amomum.</span> <span class='ocrx_word' id='word_1_130' title='bbox 832 1137 924 1169; x_wconf 86' lang='lat' dir='ltr'>tene</span> <span class='ocrx_word' id='word_1_131' title='bbox 944 1130 1026 1177; x_wconf 88' lang='lat' dir='ltr'>tibi,</span> <span class='ocrx_word' id='word_1_132' title='bbox 1050 1133 1233 1181; x_wconf 89' lang='lat' dir='ltr'>uoluptas</span> <span class='ocrx_word' id='word_1_133' title='bbox 1254 1146 1353 1172; x_wconf 88' lang='lat' dir='ltr'>mea.</span> 
     </span>
     <span class='ocr_line' id='line_1_20' title="bbox 177 1193 1580 1248; baseline 0.006 -16"><span class='ocrx_word' id='word_1_134' title='bbox 177 1196 252 1233; x_wconf 82' lang='lat' dir='ltr'>PH.</span> <span class='ocrx_word' id='word_1_135' title='bbox 284 1194 421 1245; x_wconf 88' lang='lat' dir='ltr'>accepi</span> <span class='ocrx_word' id='word_1_136' title='bbox 442 1195 544 1242; x_wconf 79' lang='lat' dir='ltr'>hoc3</span> <span class='ocrx_word' id='word_1_137' title='bbox 573 1193 794 1246; x_wconf 80' lang='lat' dir='ltr'>abduc&lt;it&gt;e</span> <span class='ocrx_word' id='word_1_138' title='bbox 815 1196 934 1234; x_wconf 86' lang='lat' dir='ltr'>hasce</span> <span class='ocrx_word' id='word_1_139' title='bbox 954 1196 1048 1234; x_wconf 80' lang='lat' dir='ltr'>hinc</span> <span class='ocrx_word' id='word_1_140' title='bbox 1069 1210 1090 1234; x_wconf 90' lang='lat' dir='ltr'>e</span> <span class='ocrx_word' id='word_1_141' title='bbox 1111 1205 1328 1248; x_wconf 87' lang='lat' dir='ltr'>conspectu</span> <span class='ocrx_word' id='word_1_142' title='bbox 1351 1200 1478 1239; x_wconf 84' lang='lat' dir='ltr'>Suras.</span> <span class='ocrx_word' id='word_1_143' title='bbox 1536 1209 1580 1242; x_wconf 90' lang='lat'>60</span> 
     </span>
     <span class='ocr_line' id='line_1_21' title="bbox 176 1259 1514 1313; baseline 0.004 -15"><span class='ocrx_word' id='word_1_144' title='bbox 176 1261 325 1299; x_wconf 84' lang='lat' dir='ltr'>STRAT.</span> <span class='ocrx_word' id='word_1_145' title='bbox 358 1259 504 1311; x_wconf 79' lang='lat' dir='ltr'>ecquid</span> <span class='ocrx_word' id='word_1_146' title='bbox 523 1273 633 1298; x_wconf 86' lang='lat' dir='ltr'>amas</span> <span class='ocrx_word' id='word_1_147' title='bbox 656 1261 751 1298; x_wconf 87' lang='lat' dir='ltr'>me?</span> <span class='ocrx_word' id='word_1_148' title='bbox 808 1262 883 1298; x_wconf 84' lang='lat' dir='ltr'>PH.</span> <span class='ocrx_word' id='word_1_149' title='bbox 911 1260 1009 1299; x_wconf 90' lang='lat' dir='ltr'>nihil</span> <span class='ocrx_word' id='word_1_150' title='bbox 1039 1269 1192 1300; x_wconf 86' lang='lat' dir='ltr'>ecastor</span> <span class='ocrx_word' id='word_1_151' title='bbox 1219 1276 1350 1313; x_wconf 85' lang='lat' dir='ltr'>neque</span> <span class='ocrx_word' id='word_1_152' title='bbox 1378 1278 1514 1305; x_wconf 85' lang='lat' dir='ltr'>meres.</span> 
     </span>
     <span class='ocr_line' id='line_1_22' title="bbox 704 1327 1518 1371; baseline 0.01 -8"><span class='ocrx_word' id='word_1_153' title='bbox 704 1327 707 1334; x_wconf 87' lang='grc'><strong>”</strong></span> <span class='ocrx_word' id='word_1_154' title='bbox 926 1329 1074 1366; x_wconf 81' lang='lat' dir='ltr'>STRAT.</span> <span class='ocrx_word' id='word_1_155' title='bbox 1107 1327 1214 1367; x_wconf 86' lang='lat' dir='ltr'>nilne</span> <span class='ocrx_word' id='word_1_156' title='bbox 1235 1329 1328 1367; x_wconf 90' lang='lat' dir='ltr'>huic</span> <span class='ocrx_word' id='word_1_157' title='bbox 1348 1338 1406 1370; x_wconf 88' lang='lat' dir='ltr'>sat</span> <span class='ocrx_word' id='word_1_158' title='bbox 1427 1334 1518 1371; x_wconf 87' lang='lat' dir='ltr'>est?</span> 
     </span>
    </p>
   </div>
   <div class='ocr_carea' id='block_1_6' title="bbox 174 1391 1381 1444">
    <p class='ocr_par' dir='ltr' id='par_1_6' title="bbox 174 1391 1381 1444">
     <span class='ocr_line' id='line_1_23' title="bbox 174 1391 1381 1444; baseline 0.002 -12"><span class='ocrx_word' id='word_1_159' title='bbox 174 1406 225 1432; x_wconf 88' lang='lat' dir='ltr'>ne</span> <span class='ocrx_word' id='word_1_160' title='bbox 244 1393 396 1432; x_wconf 89' lang='lat' dir='ltr'>bonum</span> <span class='ocrx_word' id='word_1_161' title='bbox 417 1392 585 1431; x_wconf 89' lang='lat' dir='ltr'>uerbum</span> <span class='ocrx_word' id='word_1_162' title='bbox 606 1391 769 1443; x_wconf 90' lang='lat' dir='ltr'>quidem</span> <span class='ocrx_word' id='word_1_163' title='bbox 791 1406 914 1430; x_wconf 86' lang='lat' dir='ltr'>unum</span> <span class='ocrx_word' id='word_1_164' title='bbox 937 1392 1044 1432; x_wconf 85' lang='lat' dir='ltr'>dixit.</span> <span class='ocrx_word' id='word_1_165' title='bbox 1104 1393 1241 1444; x_wconf 84' lang='lat' dir='ltr'>uiginti</span> <span class='ocrx_word' id='word_1_166' title='bbox 1264 1395 1381 1435; x_wconf 87' lang='lat' dir='ltr'>minis</span> 
     </span>
    </p>
   </div>
   <div class='ocr_carea' id='block_1_7' title="bbox 172 1496 1514 1628">
    <p class='ocr_par' dir='ltr' id='par_1_7' title="bbox 172 1496 1514 1628">
     <span class='ocr_line' id='line_1_24' title="bbox 217 1496 1513 1539; baseline 0.004 -10"><span class='ocrx_word' id='word_1_167' title='bbox 217 1500 282 1538; x_wconf 87' lang='lat'>528</span> <span class='ocrx_word' id='word_1_168' title='bbox 300 1503 393 1529; x_wconf 90' lang='lat' dir='ltr'>tuom</span> <span class='ocrx_word' id='word_1_169' title='bbox 407 1502 524 1539; x_wconf 84' lang='lat' dir='ltr'>petere</span> <span class='ocrx_word' id='word_1_170' title='bbox 535 1497 650 1533; x_wconf 81' lang='lat' dir='ltr'>Bothe,</span> <span class='ocrx_word' id='word_1_171' title='bbox 664 1496 816 1536; x_wconf 75' lang='lat' dir='ltr'>rlzytluuo</span> <span class='ocrx_word' id='word_1_172' title='bbox 827 1497 997 1528; x_wconf 74' lang='lat' dir='ltr'>consulens</span> <span class='ocrx_word' id='word_1_173' title='bbox 1045 1508 1098 1528; x_wconf 88' lang='lat' dir='ltr'>me</span> <span class='ocrx_word' id='word_1_174' title='bbox 1111 1498 1170 1530; x_wconf 79' lang='lat' dir='ltr'>dcl.</span> <span class='ocrx_word' id='word_1_175' title='bbox 1177 1499 1281 1530; x_wconf 80' lang='lat' dir='ltr'>Bothe</span> <span class='ocrx_word' id='word_1_176' title='bbox 1326 1501 1391 1531; x_wconf 90' lang='lat' dir='ltr'>mel</span> <span class='ocrx_word' id='word_1_177' title='bbox 1404 1512 1513 1534; x_wconf 89' lang='lat' dir='ltr'>meum</span> 
     </span>
     <span class='ocr_line' id='line_1_25' title="bbox 175 1540 1514 1584; baseline 0.003 -11"><span class='ocrx_word' id='word_1_178' title='bbox 175 1542 391 1574; x_wconf 77' lang='lat' dir='ltr'>Camerarius</span> <span class='ocrx_word' id='word_1_179' title='bbox 406 1554 413 1573; x_wconf 73' lang='grc' dir='ltr'>ε</span> <span class='ocrx_word' id='word_1_180' title='bbox 436 1542 538 1572; x_wconf 88' lang='lat' dir='ltr'>imme</span> <span class='ocrx_word' id='word_1_181' title='bbox 557 1541 663 1579; x_wconf 82' lang='lat' dir='ltr'>(inme</span> <span class='ocrx_word' id='word_1_182' title='bbox 679 1540 768 1579; x_wconf 76' lang='lat' dir='ltr'>PCD)</span> <span class='ocrx_word' id='word_1_183' title='bbox 784 1540 933 1572; x_wconf 87' lang='lat' dir='ltr'>inmeum</span> <span class='ocrx_word' id='word_1_184' title='bbox 949 1541 994 1579; x_wconf 91' lang='lat' dir='ltr'>(v.</span> <span class='ocrx_word' id='word_1_185' title='bbox 1007 1551 1035 1580; x_wconf 76' lang='grc'>3,</span> <span class='ocrx_word' id='word_1_186' title='bbox 1053 1552 1083 1581; x_wconf 89' lang='lat' dir='ltr'>p.</span> <span class='ocrx_word' id='word_1_187' title='bbox 1102 1544 1178 1581; x_wconf 74' lang='lat'>109)</span> <span class='ocrx_word' id='word_1_188' title='bbox 1269 1553 1334 1583; x_wconf 83' lang='lat'>530</span> <span class='ocrx_word' id='word_1_189' title='bbox 1350 1556 1393 1575; x_wconf 85' lang='lat' dir='ltr'>cx</span> <span class='ocrx_word' id='word_1_190' title='bbox 1411 1545 1514 1584; x_wconf 76' lang='lat' dir='ltr'>Syria</span> 
     </span>
     <span class='ocr_line' id='line_1_26' title="bbox 172 1585 1513 1628; baseline 0.002 -10"><span class='ocrx_word' id='word_1_191' title='bbox 172 1586 264 1618; x_wconf 62' lang='lat' dir='ltr'>Ital:</span> <span class='ocrx_word' id='word_1_192' title='bbox 291 1585 386 1617; x_wconf 84' lang='lat' dir='ltr'>exuri</span> <span class='ocrx_word' id='word_1_193' title='bbox 404 1585 470 1616; x_wconf 87' lang='lat' dir='ltr'>cod.</span> <span class='ocrx_word' id='word_1_194' title='bbox 489 1586 566 1626; x_wconf 80' lang='lat' dir='ltr'>(pro</span> <span class='ocrx_word' id='word_1_195' title='bbox 586 1585 716 1624; x_wconf 77' lang='lat' dir='ltr'>exsuri)</span> <span class='ocrx_word' id='word_1_196' title='bbox 863 1594 926 1624; x_wconf 84' lang='grc'>532</span> <span class='ocrx_word' id='word_1_197' title='bbox 950 1595 1064 1615; x_wconf 87' lang='lat' dir='ltr'>earum</span> <span class='ocrx_word' id='word_1_198' title='bbox 1088 1586 1166 1617; x_wconf 84' lang='lat' dir='ltr'>add.</span> <span class='ocrx_word' id='word_1_199' title='bbox 1185 1586 1321 1628; x_wconf 82' lang='lat' dir='ltr'>Seyffert</span> <span class='ocrx_word' id='word_1_200' title='bbox 1376 1589 1513 1622; x_wconf 80' lang='lat' dir='ltr'>fuerunt</span> 
     </span>
    </p>
   </div>
   <div class='ocr_carea' id='block_1_8' title="bbox 170 1628 1512 1889">
    <p class='ocr_par' dir='ltr' id='par_1_8' title="bbox 170 1628 1512 1889">
     <span class='ocr_line' id='line_1_27' title="bbox 174 1628 1512 1674; baseline 0.004 -14"><span class='ocrx_word' id='word_1_201' title='bbox 174 1630 306 1672; x_wconf 80' lang='lat' dir='ltr'>(Bothe)</span> <span class='ocrx_word' id='word_1_202' title='bbox 324 1641 352 1661; x_wconf 89' lang='lat' dir='ltr'>a.</span> <span class='ocrx_word' id='word_1_203' title='bbox 371 1639 486 1660; x_wconf 82' lang='lat' dir='ltr'>earum</span> <span class='ocrx_word' id='word_1_204' title='bbox 505 1639 536 1668; x_wconf 92' lang='lat' dir='ltr'>p.</span> <span class='ocrx_word' id='word_1_205' title='bbox 552 1628 693 1659; x_wconf 76' lang='lat' dir='ltr'>Mueller</span> <span class='ocrx_word' id='word_1_206' title='bbox 735 1628 855 1659; x_wconf 81' lang='lat' dir='ltr'>excida</span> <span class='ocrx_word' id='word_1_207' title='bbox 871 1629 903 1659; x_wconf 90' lang='grc' dir='ltr'><em>Β</em></span> <span class='ocrx_word' id='word_1_208' title='bbox 1002 1639 1065 1669; x_wconf 86' lang='grc'>533</span> <span class='ocrx_word' id='word_1_209' title='bbox 1086 1631 1136 1661; x_wconf 84' lang='lat' dir='ltr'>vel</span> <span class='ocrx_word' id='word_1_210' title='bbox 1151 1630 1178 1660; x_wconf 82' lang='lat' dir='ltr'>is</span> <span class='ocrx_word' id='word_1_211' title='bbox 1198 1631 1259 1671; x_wconf 81' lang='lat' dir='ltr'>(ita</span> <span class='ocrx_word' id='word_1_212' title='bbox 1275 1631 1356 1669; x_wconf 74' lang='lat' dir='ltr'>cod.)</span> <span class='ocrx_word' id='word_1_213' title='bbox 1430 1640 1512 1674; x_wconf 91' lang='lat' dir='ltr'>quot</span> 
     </span>
     <span class='ocr_line' id='line_1_28' title="bbox 171 1672 1508 1718; baseline 0.001 -13"><span class='ocrx_word' id='word_1_214' title='bbox 171 1674 313 1705; x_wconf 87' lang='lat' dir='ltr'>ancillas</span> <span class='ocrx_word' id='word_1_215' title='bbox 330 1674 416 1704; x_wconf 84' lang='lat' dir='ltr'>alam</span> <span class='ocrx_word' id='word_1_216' title='bbox 436 1672 653 1703; x_wconf 79' lang='lat' dir='ltr'>Gulielmius:</span> <span class='ocrx_word' id='word_1_217' title='bbox 678 1673 768 1712; x_wconf 89' lang='lat' dir='ltr'>quod</span> <span class='ocrx_word' id='word_1_218' title='bbox 785 1672 941 1703; x_wconf 90' lang='lat' dir='ltr'>ancillam</span> <span class='ocrx_word' id='word_1_219' title='bbox 959 1673 1064 1704; x_wconf 85' lang='lat' dir='ltr'>solam</span> <span class='ocrx_word' id='word_1_220' title='bbox 1082 1673 1241 1705; x_wconf 80' lang='lat' dir='ltr'>Donatus</span> <span class='ocrx_word' id='word_1_221' title='bbox 1259 1675 1307 1705; x_wconf 85' lang='lat' dir='ltr'>ad</span> <span class='ocrx_word' id='word_1_222' title='bbox 1318 1677 1407 1708; x_wconf 83' lang='lat' dir='ltr'>Eun.</span> <span class='ocrx_word' id='word_1_223' title='bbox 1429 1688 1460 1717; x_wconf 85' lang='lat'>5,</span> <span class='ocrx_word' id='word_1_224' title='bbox 1477 1680 1508 1718; x_wconf 81' lang='lat'>6,</span> 
     </span>
     <span class='ocr_line' id='line_1_29' title="bbox 174 1716 1510 1759; baseline 0 -11"><span class='ocrx_word' id='word_1_225' title='bbox 174 1728 234 1748; x_wconf 85' lang='lat'>12:</span> <span class='ocrx_word' id='word_1_226' title='bbox 268 1718 358 1757; x_wconf 87' lang='lat' dir='ltr'>quod</span> <span class='ocrx_word' id='word_1_227' title='bbox 383 1717 504 1747; x_wconf 88' lang='lat' dir='ltr'>ancilla</span> <span class='ocrx_word' id='word_1_228' title='bbox 528 1717 613 1747; x_wconf 83' lang='lat' dir='ltr'>siam</span> <span class='ocrx_word' id='word_1_229' title='bbox 629 1716 682 1747; x_wconf 81' lang='lat' dir='ltr'>B:</span> <span class='ocrx_word' id='word_1_230' title='bbox 716 1717 804 1755; x_wconf 92' lang='lat' dir='ltr'>quod</span> <span class='ocrx_word' id='word_1_231' title='bbox 825 1717 982 1748; x_wconf 85' lang='lat' dir='ltr'>ancillast</span> <span class='ocrx_word' id='word_1_232' title='bbox 1000 1717 1064 1748; x_wconf 84' lang='lat' dir='ltr'>iam</span> <span class='ocrx_word' id='word_1_233' title='bbox 1082 1717 1155 1747; x_wconf 81' lang='lat' dir='ltr'>PCD</span> <span class='ocrx_word' id='word_1_234' title='bbox 1280 1729 1343 1759; x_wconf 80' lang='lat'>534</span> <span class='ocrx_word' id='word_1_235' title='bbox 1369 1731 1510 1753; x_wconf 74' lang='lat' dir='ltr'>examen</span> 
     </span>
     <span class='ocr_line' id='line_1_30' title="bbox 170 1759 1512 1802; baseline 0.004 -11"><span class='ocrx_word' id='word_1_236' title='bbox 170 1760 320 1802; x_wconf 78' lang='lat' dir='ltr'>Haupt:</span> <span class='ocrx_word' id='word_1_237' title='bbox 351 1761 450 1792; x_wconf 86' lang='lat' dir='ltr'>etiam</span> <span class='ocrx_word' id='word_1_238' title='bbox 478 1771 553 1790; x_wconf 89' lang='lat' dir='ltr'>men</span> <span class='ocrx_word' id='word_1_239' title='bbox 577 1759 643 1791; x_wconf 84' lang='lat' dir='ltr'>cod.</span> <span class='ocrx_word' id='word_1_240' title='bbox 744 1765 856 1791; x_wconf 89' lang='lat' dir='ltr'>comet</span> <span class='ocrx_word' id='word_1_241' title='bbox 884 1761 1032 1792; x_wconf 89' lang='lat' dir='ltr'>incibum</span> <span class='ocrx_word' id='word_1_242' title='bbox 1066 1761 1129 1793; x_wconf 82' lang='lat' dir='ltr'>cod.</span> <span class='ocrx_word' id='word_1_243' title='bbox 1152 1773 1159 1793; x_wconf 90' lang='lat'>:</span> <span class='ocrx_word' id='word_1_244' title='bbox 1186 1773 1266 1795; x_wconf 83' lang='lat' dir='ltr'>corr.</span> <span class='ocrx_word' id='word_1_245' title='bbox 1299 1764 1512 1797; x_wconf 79' lang='lat' dir='ltr'>Camerarius</span> 
     </span>
     <span class='ocr_line' id='line_1_31' title="bbox 170 1802 1510 1845; baseline 0.004 -10"><span class='ocrx_word' id='word_1_246' title='bbox 170 1815 234 1845; x_wconf 86' lang='lat'>535</span> <span class='ocrx_word' id='word_1_247' title='bbox 259 1805 375 1836; x_wconf 87' lang='lat' dir='ltr'>hercle</span> <span class='ocrx_word' id='word_1_248' title='bbox 398 1805 417 1835; x_wconf 86' lang='lat' dir='ltr'>i.</span> <span class='ocrx_word' id='word_1_249' title='bbox 445 1804 598 1844; x_wconf 78' lang='lat' dir='ltr'>Geppert:</span> <span class='ocrx_word' id='word_1_250' title='bbox 624 1802 900 1841; x_wconf 81' lang='lat' dir='ltr'>hercles(hercle</span> <span class='ocrx_word' id='word_1_251' title='bbox 921 1806 948 1835; x_wconf 82' lang='lat' dir='ltr'>si</span> <span class='ocrx_word' id='word_1_252' title='bbox 969 1805 1063 1843; x_wconf 81' lang='lat' dir='ltr'><em>PCD;</em></span> <span class='ocrx_word' id='word_1_253' title='bbox 1090 1806 1110 1837; x_wconf 82' lang='grc' dir='ltr'>ι’.</span> <span class='ocrx_word' id='word_1_254' title='bbox 1123 1817 1147 1838; x_wconf 86' lang='lat' dir='ltr'>e.</span> <span class='ocrx_word' id='word_1_255' title='bbox 1166 1806 1270 1837; x_wconf 81' lang='lat' dir='ltr'>hercl&#39;</span> <span class='ocrx_word' id='word_1_256' title='bbox 1289 1808 1317 1837; x_wconf 82' lang='lat' dir='ltr'>si</span> <span class='ocrx_word' id='word_1_257' title='bbox 1332 1808 1357 1845; x_wconf 69' lang='grc' dir='ltr'>ἲ)</span> <span class='ocrx_word' id='word_1_258' title='bbox 1386 1809 1405 1839; x_wconf 88' lang='lat' dir='ltr'>i.</span> <span class='ocrx_word' id='word_1_259' title='bbox 1423 1809 1510 1842; x_wconf 85' lang='lat' dir='ltr'>cod.:</span> 
     </span>
     <span class='ocr_line' id='line_1_32' title="bbox 171 1847 1510 1889; baseline 0.002 -9"><span class='ocrx_word' id='word_1_260' title='bbox 171 1849 320 1880; x_wconf 87' lang='lat' dir='ltr'>herclest</span> <span class='ocrx_word' id='word_1_261' title='bbox 337 1849 510 1888; x_wconf 85' lang='lat' dir='ltr'>ingratum</span> <span class='ocrx_word' id='word_1_262' title='bbox 525 1848 630 1888; x_wconf 56' lang='lat' dir='ltr'>Goele„</span> <span class='ocrx_word' id='word_1_263' title='bbox 647 1847 776 1879; x_wconf 78' lang='lat' dir='ltr'>Sclzoell</span> <span class='ocrx_word' id='word_1_264' title='bbox 786 1848 839 1888; x_wconf 87' lang='lat' dir='ltr'>(cf.</span> <span class='ocrx_word' id='word_1_265' title='bbox 856 1848 904 1878; x_wconf 86' lang='lat' dir='ltr'>ad</span> <span class='ocrx_word' id='word_1_266' title='bbox 912 1848 1009 1879; x_wconf 87' lang='lat' dir='ltr'>Merc.</span> <span class='ocrx_word' id='word_1_267' title='bbox 1025 1851 1107 1889; x_wconf 79' lang='grc'>330)</span> <span class='ocrx_word' id='word_1_268' title='bbox 1189 1851 1315 1882; x_wconf 90' lang='lat' dir='ltr'>donum</span> <span class='ocrx_word' id='word_1_269' title='bbox 1330 1851 1388 1883; x_wconf 86' lang='lat' dir='ltr'>del.</span> <span class='ocrx_word' id='word_1_270' title='bbox 1403 1852 1510 1884; x_wconf 80' lang='lat' dir='ltr'><em>Bothe</em></span> 
     </span>
    </p>
   </div>
   <div class='ocr_carea' id='block_1_9' title="bbox 169 1891 1509 2024">
    <p class='ocr_par' dir='ltr' id='par_1_9' title="bbox 169 1891 1509 2024">
     <span class='ocr_line' id='line_1_33' title="bbox 170 1891 1509 1934; baseline 0.004 -12"><span class='ocrx_word' id='word_1_271' title='bbox 170 1903 276 1933; x_wconf 88' lang='lat' dir='ltr'>puere</span> <span class='ocrx_word' id='word_1_272' title='bbox 289 1893 439 1932; x_wconf 84' lang='lat' dir='ltr'>perulam</span> <span class='ocrx_word' id='word_1_273' title='bbox 459 1892 579 1932; x_wconf 79' lang='lat' dir='ltr'>(-uiam</span> <span class='ocrx_word' id='word_1_274' title='bbox 598 1891 664 1923; x_wconf 86' lang='lat' dir='ltr'>cod.</span> <span class='ocrx_word' id='word_1_275' title='bbox 674 1891 703 1933; x_wconf 82' lang='lat'>)]</span> <span class='ocrx_word' id='word_1_276' title='bbox 723 1902 905 1932; x_wconf 84' lang='lat' dir='ltr'>purpuram</span> <span class='ocrx_word' id='word_1_277' title='bbox 923 1893 1096 1924; x_wconf 77' lang='lat' dir='ltr'>Buecheler</span> <span class='ocrx_word' id='word_1_278' title='bbox 1226 1897 1291 1934; x_wconf 86' lang='lat'>536</span> <span class='ocrx_word' id='word_1_279' title='bbox 1315 1906 1390 1927; x_wconf 90' lang='lat' dir='ltr'>mea</span> <span class='ocrx_word' id='word_1_280' title='bbox 1408 1896 1481 1929; x_wconf 80' lang='lat' dir='ltr'>Ital.</span> <span class='ocrx_word' id='word_1_281' title='bbox 1502 1910 1509 1929; x_wconf 94' lang='lat'>:</span> 
     </span>
     <span class='ocr_line' id='line_1_34' title="bbox 169 1935 1507 1978; baseline 0.003 -11"><span class='ocrx_word' id='word_1_282' title='bbox 169 1937 256 1967; x_wconf 87' lang='lat' dir='ltr'>imea</span> <span class='ocrx_word' id='word_1_283' title='bbox 272 1936 338 1968; x_wconf 85' lang='lat' dir='ltr'>cod.</span> <span class='ocrx_word' id='word_1_284' title='bbox 431 1935 540 1967; x_wconf 83' lang='lat' dir='ltr'>attolli</span> <span class='ocrx_word' id='word_1_285' title='bbox 557 1935 624 1966; x_wconf 82' lang='lat' dir='ltr'>coa&#39;.</span> <span class='ocrx_word' id='word_1_286' title='bbox 645 1937 720 1977; x_wconf 86' lang='lat' dir='ltr'>(pro</span> <span class='ocrx_word' id='word_1_287' title='bbox 737 1936 842 1975; x_wconf 85' lang='lat' dir='ltr'>attoli,</span> <span class='ocrx_word' id='word_1_288' title='bbox 862 1937 1120 1977; x_wconf 83' lang='lat' dir='ltr'>autiquasorma</span> <span class='ocrx_word' id='word_1_289' title='bbox 1131 1937 1155 1973; x_wconf 66' lang='grc' dir='ltr'>ἓ)</span> <span class='ocrx_word' id='word_1_290' title='bbox 1233 1939 1390 1978; x_wconf 89' lang='lat' dir='ltr'>pallulam</span> <span class='ocrx_word' id='word_1_291' title='bbox 1407 1940 1482 1972; x_wconf 82' lang='lat' dir='ltr'>Ital.</span> <span class='ocrx_word' id='word_1_292' title='bbox 1501 1954 1507 1973; x_wconf 73' lang='grc' dir='ltr'>ε</span> 
     </span>
     <span class='ocr_line' id='line_1_35' title="bbox 170 1979 1507 2024; baseline 0.003 -13"><span class='ocrx_word' id='word_1_293' title='bbox 170 1980 327 2021; x_wconf 88' lang='lat' dir='ltr'>paluuam</span> <span class='ocrx_word' id='word_1_294' title='bbox 348 1980 531 2020; x_wconf 85' lang='lat' dir='ltr'>(paluuiam</span> <span class='ocrx_word' id='word_1_295' title='bbox 548 1979 622 2009; x_wconf 81' lang='lat' dir='ltr'>PCD</span> <span class='ocrx_word' id='word_1_296' title='bbox 640 1982 678 2010; x_wconf 80' lang='lat' dir='ltr'>ul</span> <span class='ocrx_word' id='word_1_297' title='bbox 693 1979 774 2019; x_wconf 80' lang='lat' dir='ltr'>vid.)</span> <span class='ocrx_word' id='word_1_298' title='bbox 792 1979 859 2011; x_wconf 87' lang='lat' dir='ltr'>cod.</span> <span class='ocrx_word' id='word_1_299' title='bbox 954 1980 1105 2021; x_wconf 82' lang='lat' dir='ltr'>Phrygia</span> <span class='ocrx_word' id='word_1_300' title='bbox 1125 1982 1308 2013; x_wconf 75' lang='lat' dir='ltr'>Gronovius</span> <span class='ocrx_word' id='word_1_301' title='bbox 1323 1995 1330 2014; x_wconf 73' lang='grc' dir='ltr'><strong><em>ε</em></strong></span> <span class='ocrx_word' id='word_1_302' title='bbox 1355 1984 1429 2023; x_wconf 87' lang='lat' dir='ltr'>pari</span> <span class='ocrx_word' id='word_1_303' title='bbox 1445 1995 1507 2024; x_wconf 87' lang='lat' dir='ltr'>gra</span> 
     </span>
    </p>
   </div>
   <div class='ocr_carea' id='block_1_10' title="bbox 163 2022 1506 2422">
    <p class='ocr_par' dir='ltr' id='par_1_10' title="bbox 163 2022 1506 2422">
     <span class='ocr_line' id='line_1_36' title="bbox 170 2022 1506 2068; baseline 0.002 -12"><span class='ocrx_word' id='word_1_304' title='bbox 170 2028 256 2065; x_wconf 66' lang='lat' dir='ltr'>(gra,</span> <span class='ocrx_word' id='word_1_305' title='bbox 277 2025 296 2055; x_wconf 76' lang='grc' dir='ltr'>ι’.</span> <span class='ocrx_word' id='word_1_306' title='bbox 310 2035 333 2054; x_wconf 82' lang='lat' dir='ltr'>e.</span> <span class='ocrx_word' id='word_1_307' title='bbox 352 2024 460 2063; x_wconf 88' lang='lat' dir='ltr'>gratia</span> <span class='ocrx_word' id='word_1_308' title='bbox 472 2023 561 2061; x_wconf 83' lang='lat' dir='ltr'>PCD)</span> <span class='ocrx_word' id='word_1_309' title='bbox 580 2022 646 2054; x_wconf 80' lang='lat' dir='ltr'>cod.</span> <span class='ocrx_word' id='word_1_310' title='bbox 739 2033 802 2063; x_wconf 84' lang='lat'>537</span> <span class='ocrx_word' id='word_1_311' title='bbox 827 2023 993 2055; x_wconf 86' lang='lat' dir='ltr'>tantillum</span> <span class='ocrx_word' id='word_1_312' title='bbox 1008 2024 1084 2056; x_wconf 83' lang='lat' dir='ltr'>Ital.</span> <span class='ocrx_word' id='word_1_313' title='bbox 1101 2037 1107 2055; x_wconf 72' lang='grc' dir='ltr'><strong><em>ς</em></strong></span> <span class='ocrx_word' id='word_1_314' title='bbox 1130 2027 1271 2057; x_wconf 85' lang='lat' dir='ltr'>tantillis</span> <span class='ocrx_word' id='word_1_315' title='bbox 1285 2027 1349 2058; x_wconf 86' lang='lat' dir='ltr'>cod.</span> <span class='ocrx_word' id='word_1_316' title='bbox 1441 2030 1506 2068; x_wconf 85' lang='lat'>538</span> 
     </span>
     <span class='ocr_line' id='line_1_37' title="bbox 168 2065 1502 2108; baseline 0.003 -9"><span class='ocrx_word' id='word_1_317' title='bbox 168 2078 233 2108; x_wconf 85' lang='lat' dir='ltr'>ego</span> <span class='ocrx_word' id='word_1_318' title='bbox 250 2067 327 2099; x_wconf 77' lang='lat' dir='ltr'>add.</span> <span class='ocrx_word' id='word_1_319' title='bbox 348 2068 454 2098; x_wconf 76' lang='lat' dir='ltr'>Bothe</span> <span class='ocrx_word' id='word_1_320' title='bbox 508 2067 552 2097; x_wconf 91' lang='lat' dir='ltr'>mi</span> <span class='ocrx_word' id='word_1_321' title='bbox 569 2065 646 2098; x_wconf 86' lang='lat' dir='ltr'>add.</span> <span class='ocrx_word' id='word_1_322' title='bbox 664 2066 881 2098; x_wconf 78' lang='lat' dir='ltr'>Camerarius</span> <span class='ocrx_word' id='word_1_323' title='bbox 937 2078 1001 2108; x_wconf 87' lang='grc'>539</span> <span class='ocrx_word' id='word_1_324' title='bbox 1018 2069 1112 2099; x_wconf 89' lang='lat' dir='ltr'>nihili</span> <span class='ocrx_word' id='word_1_325' title='bbox 1124 2069 1200 2101; x_wconf 81' lang='lat' dir='ltr'>Ital.</span> <span class='ocrx_word' id='word_1_326' title='bbox 1218 2082 1224 2100; x_wconf 72' lang='grc' dir='ltr'><strong><em>ε</em></strong></span> <span class='ocrx_word' id='word_1_327' title='bbox 1250 2082 1328 2101; x_wconf 86' lang='lat' dir='ltr'>num</span> <span class='ocrx_word' id='word_1_328' title='bbox 1342 2072 1419 2102; x_wconf 89' lang='lat' dir='ltr'>mali</span> <span class='ocrx_word' id='word_1_329' title='bbox 1436 2073 1502 2104; x_wconf 87' lang='lat' dir='ltr'>cod.</span> 
     </span>
     <span class='ocr_line' id='line_1_38' title="bbox 167 2111 1504 2154; baseline 0.003 -11"><span class='ocrx_word' id='word_1_330' title='bbox 167 2113 246 2143; x_wconf 90' lang='lat' dir='ltr'>addi</span> <span class='ocrx_word' id='word_1_331' title='bbox 257 2112 392 2153; x_wconf 77' lang='lat' dir='ltr'>scripsi:</span> <span class='ocrx_word' id='word_1_332' title='bbox 415 2111 507 2142; x_wconf 87' lang='lat' dir='ltr'>addit</span> <span class='ocrx_word' id='word_1_333' title='bbox 521 2111 587 2143; x_wconf 83' lang='lat' dir='ltr'>cod.</span> <span class='ocrx_word' id='word_1_334' title='bbox 652 2112 754 2142; x_wconf 87' lang='lat' dir='ltr'>etiam</span> <span class='ocrx_word' id='word_1_335' title='bbox 766 2111 929 2142; x_wconf 88' lang='lat' dir='ltr'>nummuli</span> <span class='ocrx_word' id='word_1_336' title='bbox 943 2123 1011 2143; x_wconf 91' lang='lat' dir='ltr'>non</span> <span class='ocrx_word' id='word_1_337' title='bbox 1023 2113 1142 2152; x_wconf 86' lang='lat' dir='ltr'>pendit</span> <span class='ocrx_word' id='word_1_338' title='bbox 1154 2113 1275 2154; x_wconf 83' lang='lat' dir='ltr'>pallam</span> <span class='ocrx_word' id='word_1_339' title='bbox 1290 2117 1333 2154; x_wconf 59' lang='lat' dir='ltr'>(Z)</span> <span class='ocrx_word' id='word_1_340' title='bbox 1355 2115 1436 2147; x_wconf 75' lang='lat' dir='ltr'>Leo:</span> <span class='ocrx_word' id='word_1_341' title='bbox 1459 2127 1504 2147; x_wconf 82' lang='lat' dir='ltr'>an</span> 
     </span>
     <span class='ocr_line' id='line_1_39' title="bbox 167 2155 1503 2198; baseline 0.003 -11"><span class='ocrx_word' id='word_1_342' title='bbox 167 2156 349 2187; x_wconf 84' lang='lat' dir='ltr'>etiamnum</span> <span class='ocrx_word' id='word_1_343' title='bbox 363 2155 568 2194; x_wconf 86' lang='lat' dir='ltr'>malipendio</span> <span class='ocrx_word' id='word_1_344' title='bbox 579 2155 671 2185; x_wconf 88' lang='lat' dir='ltr'>addit</span> <span class='ocrx_word' id='word_1_345' title='bbox 689 2158 766 2195; x_wconf 48' lang='lat' dir='ltr'>pust</span> <span class='ocrx_word' id='word_1_346' title='bbox 813 2155 1136 2187; x_wconf 79' lang='lat' dir='ltr'>ArabiaBueclzeler:</span> <span class='ocrx_word' id='word_1_347' title='bbox 1155 2163 1225 2188; x_wconf 88' lang='lat' dir='ltr'>arat</span> <span class='ocrx_word' id='word_1_348' title='bbox 1236 2158 1302 2190; x_wconf 82' lang='lat' dir='ltr'>cod.</span> <span class='ocrx_word' id='word_1_349' title='bbox 1320 2159 1503 2198; x_wconf 67' lang='lat' dir='ltr'>(rsJourn.</span> 
     </span>
     <span class='ocr_line' id='line_1_40' title="bbox 165 2199 1499 2239; baseline 0.004 -9"><span class='ocrx_word' id='word_1_350' title='bbox 165 2199 252 2231; x_wconf 76' lang='lat' dir='ltr'>Phil.</span> <span class='ocrx_word' id='word_1_351' title='bbox 282 2209 328 2239; x_wconf 87' lang='lat'>17,</span> <span class='ocrx_word' id='word_1_352' title='bbox 354 2200 432 2239; x_wconf 78' lang='grc'>443)</span> <span class='ocrx_word' id='word_1_353' title='bbox 491 2209 556 2238; x_wconf 85' lang='grc'>540</span> <span class='ocrx_word' id='word_1_354' title='bbox 579 2203 654 2229; x_wconf 82' lang='lat' dir='ltr'>tuas</span> <span class='ocrx_word' id='word_1_355' title='bbox 675 2204 780 2238; x_wconf 87' lang='lat' dir='ltr'>ponto</span> <span class='ocrx_word' id='word_1_356' title='bbox 805 2202 876 2237; x_wconf 81' lang='lat' dir='ltr'>&lt;tua</span> <span class='ocrx_word' id='word_1_357' title='bbox 901 2205 1023 2239; x_wconf 83' lang='lat' dir='ltr'>sponte</span> <span class='ocrx_word' id='word_1_358' title='bbox 1047 2200 1095 2231; x_wconf 70' lang='lat' dir='ltr'>B»</span> <span class='ocrx_word' id='word_1_359' title='bbox 1120 2211 1280 2233; x_wconf 85' lang='lat' dir='ltr'>amoenas</span> <span class='ocrx_word' id='word_1_360' title='bbox 1303 2203 1387 2235; x_wconf 80' lang='lat' dir='ltr'>cod.:</span> <span class='ocrx_word' id='word_1_361' title='bbox 1422 2214 1499 2236; x_wconf 85' lang='lat' dir='ltr'>corr.</span> 
     </span>
     <span class='ocr_line' id='line_1_41' title="bbox 166 2241 1503 2286; baseline 0.004 -12"><span class='ocrx_word' id='word_1_362' title='bbox 166 2242 318 2283; x_wconf 80' lang='lat' dir='ltr'>Spengel,</span> <span class='ocrx_word' id='word_1_363' title='bbox 334 2242 471 2273; x_wconf 82' lang='lat' dir='ltr'>Mueller</span> <span class='ocrx_word' id='word_1_364' title='bbox 579 2252 640 2281; x_wconf 89' lang='lat'>541</span> <span class='ocrx_word' id='word_1_365' title='bbox 668 2243 783 2283; x_wconf 80' lang='lat' dir='ltr'>accipe</span> <span class='ocrx_word' id='word_1_366' title='bbox 795 2244 859 2273; x_wconf 90' lang='lat' dir='ltr'>hoc</span> <span class='ocrx_word' id='word_1_367' title='bbox 877 2241 1124 2286; x_wconf 83' lang='lat' dir='ltr'>(Astaphium)</span> <span class='ocrx_word' id='word_1_368' title='bbox 1141 2245 1231 2275; x_wconf 77' lang='lat' dir='ltr'>Boclt</span> <span class='ocrx_word' id='word_1_369' title='bbox 1345 2248 1503 2280; x_wconf 84' lang='lat' dir='ltr'>abducite</span> 
     </span>
     <span class='ocr_line' id='line_1_42' title="bbox 165 2285 1502 2329; baseline 0.004 -12"><span class='ocrx_word' id='word_1_370' title='bbox 165 2287 270 2318; x_wconf 78' lang='lat' dir='ltr'>Bothe</span> <span class='ocrx_word' id='word_1_371' title='bbox 284 2299 290 2317; x_wconf 91' lang='lat'>:</span> <span class='ocrx_word' id='word_1_372' title='bbox 307 2287 436 2317; x_wconf 84' lang='lat' dir='ltr'>abduce</span> <span class='ocrx_word' id='word_1_373' title='bbox 451 2285 513 2317; x_wconf 77' lang='lat' dir='ltr'>cod.</span> <span class='ocrx_word' id='word_1_374' title='bbox 572 2295 636 2325; x_wconf 83' lang='lat'>542</span> <span class='ocrx_word' id='word_1_375' title='bbox 654 2288 772 2326; x_wconf 91' lang='lat' dir='ltr'>ecquid</span> <span class='ocrx_word' id='word_1_376' title='bbox 786 2298 877 2317; x_wconf 80' lang='lat' dir='ltr'>amas</span> <span class='ocrx_word' id='word_1_377' title='bbox 893 2298 944 2317; x_wconf 82' lang='lat' dir='ltr'>me</span> <span class='ocrx_word' id='word_1_378' title='bbox 961 2288 1172 2318; x_wconf 55' lang='lat' dir='ltr'>Cuminarius</span> <span class='ocrx_word' id='word_1_379' title='bbox 1186 2300 1194 2319; x_wconf 70' lang='grc' dir='ltr'><em>ε</em></span> <span class='ocrx_word' id='word_1_380' title='bbox 1211 2299 1248 2319; x_wconf 85' lang='lat' dir='ltr'>ec</span> <span class='ocrx_word' id='word_1_381' title='bbox 1260 2290 1395 2329; x_wconf 85' lang='lat' dir='ltr'>quidem</span> <span class='ocrx_word' id='word_1_382' title='bbox 1409 2302 1502 2323; x_wconf 86' lang='lat' dir='ltr'>asme</span> 
     </span>
     <span class='ocr_line' id='line_1_43' title="bbox 163 2330 1501 2370; baseline 0.004 -9"><span class='ocrx_word' id='word_1_383' title='bbox 163 2330 230 2362; x_wconf 89' lang='lat' dir='ltr'>cod.</span> <span class='ocrx_word' id='word_1_384' title='bbox 322 2335 456 2361; x_wconf 79' lang='lat' dir='ltr'>ecastor</span> <span class='ocrx_word' id='word_1_385' title='bbox 472 2330 543 2360; x_wconf 86' lang='lat' dir='ltr'>Ital.</span> <span class='ocrx_word' id='word_1_386' title='bbox 566 2341 572 2360; x_wconf 92' lang='lat'>:</span> <span class='ocrx_word' id='word_1_387' title='bbox 597 2335 710 2360; x_wconf 83' lang='lat' dir='ltr'>castor</span> <span class='ocrx_word' id='word_1_388' title='bbox 722 2330 788 2362; x_wconf 86' lang='lat' dir='ltr'>cod.</span> <span class='ocrx_word' id='word_1_389' title='bbox 881 2341 945 2370; x_wconf 85' lang='lat'>543</span> <span class='ocrx_word' id='word_1_390' title='bbox 972 2342 1012 2360; x_wconf 83' lang='lat' dir='ltr'>ne</span> <span class='ocrx_word' id='word_1_391' title='bbox 1038 2331 1161 2362; x_wconf 90' lang='lat' dir='ltr'>bonum</span> <span class='ocrx_word' id='word_1_392' title='bbox 1180 2332 1368 2366; x_wconf 75' lang='lat' dir='ltr'>Buecheler:</span> <span class='ocrx_word' id='word_1_393' title='bbox 1396 2346 1501 2366; x_wconf 85' lang='lat' dir='ltr'>neno-</span> 
     </span>
     <span class='ocr_line' id='line_1_44' title="bbox 164 2373 1500 2422; baseline 0.003 -17"><span class='ocrx_word' id='word_1_394' title='bbox 164 2384 243 2406; x_wconf 86' lang='lat' dir='ltr'>num</span> <span class='ocrx_word' id='word_1_395' title='bbox 261 2378 298 2405; x_wconf 89' lang='lat' dir='ltr'>ul</span> <span class='ocrx_word' id='word_1_396' title='bbox 313 2374 374 2407; x_wconf 82' lang='lat' dir='ltr'>vid.</span> <span class='ocrx_word' id='word_1_397' title='bbox 394 2373 459 2406; x_wconf 85' lang='lat' dir='ltr'>cod.</span> <span class='ocrx_word' id='word_1_398' title='bbox 482 2376 676 2413; x_wconf 65' lang='lat' dir='ltr'>(nemonum</span> <span class='ocrx_word' id='word_1_399' title='bbox 691 2373 723 2404; x_wconf 90' lang='grc' dir='ltr'><em>Β</em></span> <span class='ocrx_word' id='word_1_400' title='bbox 738 2385 745 2406; x_wconf 89' lang='lat'>:</span> <span class='ocrx_word' id='word_1_401' title='bbox 771 2385 812 2405; x_wconf 88' lang='lat' dir='ltr'>ne</span> <span class='ocrx_word' id='word_1_402' title='bbox 829 2385 931 2406; x_wconf 89' lang='lat' dir='ltr'>unum</span> <span class='ocrx_word' id='word_1_403' title='bbox 945 2374 1033 2416; x_wconf 80' lang='lat' dir='ltr'>PCD)</span> <span class='ocrx_word' id='word_1_404' title='bbox 1091 2385 1170 2406; x_wconf 83' lang='lat' dir='ltr'>num</span> <span class='ocrx_word' id='word_1_405' title='bbox 1185 2377 1215 2407; x_wconf 76' lang='lat' dir='ltr'>d.</span> <span class='ocrx_word' id='word_1_406' title='bbox 1235 2377 1300 2409; x_wconf 83' lang='lat' dir='ltr'>cod.</span> <span class='ocrx_word' id='word_1_407' title='bbox 1320 2383 1413 2419; x_wconf 55' lang='lat' dir='ltr'>[corr.</span> <span class='ocrx_word' id='word_1_408' title='bbox 1430 2378 1500 2422; x_wconf 75' lang='lat' dir='ltr'>D1)</span> 
     </span>
    </p>
   </div>
  </div>
 </body>
</html>
