1747 2740
184 437 223 460 10

179 1089 222 1112 20

177 1812 219 1844 30

212 123 272 150 .v
662 115 710 152 T.
743 113 924 153 MACCI
956 114 1160 152 PLAVTI

347 233 466 277 atque
488 227 527 266 id
549 227 624 265 iam
647 226 800 277 pridem
822 226 925 265 sensi
947 234 985 266 et
1006 227 1215 266 subolebat
1237 225 1345 275 mihi,

349 294 419 331 sed
440 292 750 331 dissimulabam.
813 294 876 331 Ps.
909 292 986 330 iam
1007 292 1072 331 ille
1094 294 1185 331 felat
1208 292 1319 331 filius.

349 358 480 397 occisa
500 365 558 397 est
580 359 678 396 haec
698 371 769 404 res,
793 358 926 396 haeret
948 358 1024 396 hoc
1045 356 1258 407 negotium.

349 437 429 474 quo
451 423 490 461 in
512 431 780 462 commeatum
803 422 1230 473 uolui—argentarium

349 487 554 539 proficisci,
578 487 632 527 ibi
654 502 760 526 nunc
781 487 932 538 oppido
953 496 1179 538 opsaeptast
1200 487 1274 526 uia.
1592 496 1660 534 425

348 553 563 604 praesensit
581 569 587 592 :
618 553 715 592 nihil
737 561 794 592 est
816 555 985 604 praedae
1007 553 1315 604 praedatoribus.

348 619 472 658 CALL.
506 618 687 657 homines
709 618 776 669 qui
797 626 952 669 gestant
973 618 1120 669 quique
1140 619 1363 657 auscultant
1384 617 1561 666 crimina,

347 683 378 721 si
401 697 490 722 meo
510 684 698 722 arbitratu
720 683 844 731 liceat,
869 697 1009 722 omnes
1030 684 1242 733 pendeant,

346 756 519 799 gestores
540 748 692 799 linguis,
716 748 916 787 auditores
936 747 1107 787 auribus.

348 827 440 852 nam
462 814 581 853 istaec
602 827 704 864 quae
726 813 796 852 tibi
818 813 1102 860 renuntiantur,
1125 813 1249 852 filiurn
1415 863 1426 868 -
1594 822 1664 857 430

348 887 386 919 te
407 881 509 919 uelle
529 887 728 918 amantem
750 887 912 930 argento
934 879 1241 926 circumducere,

350 946 427 984 fors
449 947 531 983 suat
551 959 601 983 an
622 944 742 983 istaec
764 945 871 984 dicta
892 944 969 983 sint
990 944 1198 983 mendacia
1213 959 1223 992 3

349 1012 419 1049 sed
441 1011 471 1048 si
493 1011 570 1049 sint
590 1024 636 1049 ea
657 1024 759 1058 uera,
782 1018 825 1049 ut
847 1024 953 1049 nunc
974 1023 1060 1049 mos
1081 1018 1151 1058 est,
1174 1023 1369 1058 maxume,

349 1075 445 1126 quid
468 1076 608 1114 mirum
631 1076 752 1114 fecit?
781 1076 878 1126 quid
899 1089 1061 1122 nouom,
1084 1077 1318 1115 adulescens
1339 1077 1462 1115 homo

348 1141 379 1179 si
400 1149 517 1188 amat,
540 1141 571 1179 si
592 1141 761 1179 amicam
782 1141 950 1180 liberat?
1008 1143 1070 1179 PS.
1108 1141 1283 1192 lepidum
1306 1155 1440 1180 senem
1458 1145 1465 1180 !
1593 1151 1659 1188 435

347 1208 465 1246 S1Mo.
512 1208 617 1245 uetu'
641 1208 736 1245 nolo
774 1206 901 1245 faciat.
961 1207 1086 1246 CALL.
1118 1214 1157 1245 at
1195 1207 1301 1245 enim
1331 1207 1573 1258 nequiquam

1445 1273 1574 1319 neuis;

347 1339 410 1377 uel
432 1345 473 1376 tu
495 1351 545 1376 ne
567 1339 712 1377 faceres
734 1339 809 1377 tale
830 1338 869 1376 in
891 1338 1173 1377 adulescentia.

346 1404 515 1454 probum
537 1411 686 1454 patrem
708 1416 794 1442 esse
814 1411 967 1454 oportet
989 1403 1057 1454 qui
1076 1412 1239 1454 gnatum
1261 1417 1374 1443 suom

346 1482 431 1508 esse
453 1468 676 1519 probiorem
698 1482 817 1519 quam
841 1469 946 1520 ipsus
968 1469 1083 1508 suerit
1104 1472 1286 1520 postulet.

346 1548 438 1573 nam
461 1542 502 1573 tu
523 1535 632 1585 quod
653 1535 788 1573 damni
810 1542 847 1574 et
868 1536 978 1586 quod
998 1535 1124 1574 fecisti
1145 1535 1264 1587 flagiti
1590 1546 1663 1580 440

346 1601 495 1651 populo
516 1599 661 1638 uiritim
683 1599 810 1650 potuit
831 1600 1082 1651 dispertirier.

346 1665 440 1705 idne
461 1673 502 1704 tu
524 1664 673 1712 mirare,
697 1665 727 1703 si
750 1665 929 1715 patrissat
950 1666 1082 1705 filius?

348 1732 410 1768 Ps.
434 1731 461 1768 ὧ
476 1733 553 1776 Ζεῦ,
569 1729 673 1782 <Ζεῦ>
687 1743 806 1780 quam
821 1730 935 1781 pauci
951 1731 1043 1770 estis
1057 1731 1239 1771 homines
1253 1732 1472 1772 commodi!
1494 1746 1572 1781 em,

346 1796 425 1835 illic
445 1804 503 1836 est
524 1803 634 1847 pater
654 1803 804 1846 patrem
827 1810 912 1835 esse
933 1804 976 1835 ut
995 1806 1204 1849 aequomst
1226 1799 1318 1838 filio.

281 1912 342 1942 421
371 1902 419 1943 id]
445 1902 509 1933 hoc
533 1901 566 1931 A
658 1901 793 1932 subolet
819 1903 851 1934 P
983 1914 1048 1943 422
1067 1914 1132 1935 om.
1159 1904 1192 1935 Ρ
1218 1905 1365 1946 (propter
1387 1905 1572 1937 ltomoeotel.

238 1949 276 1976 ut
298 1945 381 1980 vid.)
473 1945 519 1976 illi
544 1944 617 1986 (vix
639 1945 709 1983 ille)
735 1945 800 1976 cod.
905 1947 983 1986 selat
1009 1947 1074 1980 cod.
1096 1960 1103 1978 ε
1137 1948 1241 1979 foetet
1267 1949 1378 1980 Loewe
1509 1959 1573 1989 424

237 2001 303 2030 quo
328 1989 379 2030 in]
406 1990 487 2029 quin
510 1989 542 2019 P
629 1989 804 2020 nolueram
832 1989 958 2021 Rilschl
1087 2002 1150 2031 425
1175 1992 1246 2033 uia]
1272 1993 1326 2024 ula
1347 1992 1381 2023 P
1508 2003 1574 2032 430

238 2035 322 2065 istae
340 2033 373 2064 P
505 2044 569 2073 432
595 2033 736 2064 forsitan
756 2045 796 2065 ea
814 2035 872 2064 tibi
891 2036 925 2066 d.
942 2035 975 2066 P
1104 2046 1168 2075 433
1193 2037 1253 2067 sed
1275 2038 1302 2067 si
1328 2047 1368 2067 ea
1393 2047 1474 2067 uera
1492 2044 1572 2068 sunt

237 2077 271 2108 P
356 2088 512 2110 maxume
533 2078 609 2119 [tibi
638 2079 850 2119 renuntiant]
880 2079 933 2115 A;
964 2082 1024 2109 aut
1049 2081 1202 2120 confusae
1221 2084 1302 2111 sunt
1324 2081 1358 2110 in
1378 2080 1465 2112 codd.
1488 2080 1574 2111 duae

237 2123 394 2153 versiones
411 2121 487 2163 (sed
505 2125 533 2153 si
552 2132 593 2153 ea
610 2133 691 2153 uera
709 2128 787 2154 sunt
805 2123 921 2162 (sintr
944 2134 1031 2163 quae
1051 2127 1100 2159 (ut
1113 2125 1139 2155 D
1165 2124 1225 2154 tibi
1250 2124 1447 2155 renuntiant
1468 2128 1497 2154 ct
1511 2126 1572 2156 sed

237 2167 264 2196 si
282 2167 351 2197 sint
369 2177 408 2197 ea
426 2177 520 2205 uera,
538 2171 573 2197 ut
598 2177 686 2197 nunc
710 2177 783 2197 mos
803 2172 864 2203 est,
886 2168 1056 2207 maxume)
1076 2172 1135 2198 aut
1156 2170 1250 2199 vam'a
1266 2169 1352 2198 lectio
1371 2168 1428 2198 tibi
1447 2178 1571 2199 renun-

239 2211 324 2241 tiant
351 2211 361 2246 (
369 2217 430 2251 pro
456 2221 529 2241 mos
554 2216 618 2250 est,
644 2210 817 2249 maxume)
843 2211 877 2240 in
903 2212 1052 2252 mmgine
1076 2212 1272 2252 exemplans
1291 2215 1417 2242 stete-m!
1432 2211 1520 2242 unde
1535 2212 1568 2242 A

238 2254 414 2294 descriptus
431 2258 477 2284 est
623 2265 685 2294 434
710 2255 801 2294 quod
820 2264 919 2284 noum
938 2254 970 2284 A
1104 2257 1168 2294 436
1192 2261 1224 2286 at
1242 2256 1330 2286 enim
1349 2256 1568 2297 nequiquam]

238 2299 338 2337 nequi
362 2303 394 2329 at
419 2299 506 2328 enirn
531 2309 631 2338 quam
649 2299 681 2328 A
711 2300 770 2337 (an
796 2308 870 2329 vera
895 2299 1032 2337 nunqua
1058 2298 1207 2339 Ionaion
1341 2309 1405 2338 442
1430 2299 1478 2329 vc!
1498 2300 1567 2330 idn'

239 2342 350 2372 mirari
370 2341 402 2371 P
530 2353 594 2382 443
619 2342 675 2372 Ζεῦ
692 2341 809 2373 addidi
892 2342 1103 2382 commodem
1127 2342 1161 2372 A
1295 2354 1357 2382 444
1384 2348 1480 2383 pater
1502 2353 1567 2375 om.

239 2385 270 2416 P
288 2385 343 2415 liii.
368 2385 397 2425 1)
