1747 2740
90 102 204 130 PROL.

165 674 205 705 30

166 1004 203 1034 35

163 1328 205 1359 40

164 1656 204 1687 45

646 91 692 128 T.
728 90 909 129 MACCI
942 90 1145 128 PLAVTI

336 210 373 241 et
395 214 554 252 operam
576 208 614 239 et
635 208 837 250 sumptum
860 202 1054 251 perdunt3
1083 201 1122 240 id
1144 215 1192 240 eo
1214 202 1255 239 s1t
1276 201 1369 252 quia

336 267 432 306 nihil
453 267 487 306 ei
507 274 753 316 acceptumst
773 280 796 305 a
816 267 973 317 peiiuris
994 267 1185 318 supplici3
1583 276 1625 314 25

333 332 484 371 facilius
505 332 535 371 si
557 331 624 382 qui
646 331 733 383 pius
754 340 812 371 est
832 347 855 370 a
875 332 935 371 dis
956 332 1182 384 supplicans

333 412 452 449 quarn
474 397 541 449 qui
562 399 768 437 scelestust
789 397 966 436 inueniet
986 398 1144 436 ueniam
1164 397 1249 437 sibi.

332 463 480 502 idcirco
502 476 647 502 moneo
669 476 740 501 uos
761 476 836 513 ego
858 464 966 510 haec,
991 463 1057 513 qui
1079 463 1171 502 estis
1192 463 1287 502 boni

333 528 480 579 quique
500 536 669 567 aetatem
690 527 803 578 agitis
824 542 915 567 cum
937 528 1081 579 pietate
1102 536 1140 566 et
1160 541 1251 567 curn
1273 529 1351 567 fide
1369 543 1378 567 ε

497 608 515 629 *
848 609 866 629 *
1197 607 1214 626 *

333 660 497 699 retinete
518 673 644 711 porro,
669 668 758 710 post
779 661 926 699 factum
949 668 991 698 ut
1011 659 1221 699 laetemini.
1582 675 1628 709 30

332 740 439 764 nunc
460 727 537 765 huc
557 739 637 777 qua
656 739 795 765 caussa
816 726 908 765 ueni
929 734 1204 776 argumentum
1226 727 1398 776 eloquar.

386 791 656 842 primumdum
678 791 770 830 huic
792 805 877 830 esse
900 805 1046 830 nomen
1068 791 1154 830 urbi
1177 791 1363 841 Diphilus

334 858 508 908 Cyrenas
529 856 665 895 uoluit.
727 856 804 895 illic
826 856 978 895 habitat
1000 858 1228 895 Daemones

334 922 373 960 in
394 936 487 973 agro
507 929 626 972 atque
648 921 740 960 uilla
760 935 952 972 proxuma
972 930 1130 972 propter
1151 935 1268 969 mare,

334 1000 462 1034 senex,
487 988 555 1037 qui
576 988 653 1025 huc
674 986 843 1025 Athenis
865 988 974 1025 exsul
995 987 1114 1034 uenit,
1138 988 1216 1025 hau
1238 988 1363 1025 malus
1378 1001 1389 1034 5
1583 999 1624 1035 35

333 1066 463 1103 neque
484 1052 515 1090 is
535 1053 638 1091 adeo
659 1059 818 1102 propter
839 1051 1028 1090 malitiam
1049 1051 1173 1102 patria
1193 1060 1309 1098 caret,

333 1119 402 1156 sed
424 1118 519 1156 dum
541 1117 639 1156 alios
661 1124 790 1156 seruat
812 1130 853 1156 se
874 1116 1082 1168 impediuit
1103 1116 1270 1165 interim,

332 1197 413 1221 rem
436 1183 538 1222 bene
558 1191 733 1234 paratam
756 1183 942 1222 comitate
963 1183 1145 1234 perdidit.

333 1251 425 1288 hui'c
446 1249 565 1288 filiola
586 1249 696 1299 uirgo
716 1248 829 1299 periit
850 1250 1021 1299 paruola.

332 1328 419 1353 eam
441 1315 490 1353 de
511 1315 713 1364 praedone
734 1314 792 1352 uir
813 1322 1006 1353 mercatur
1026 1328 1244 1365 pessumus,
1582 1329 1628 1362 4ο

334 1381 365 1419 is
386 1395 473 1421 earn
495 1383 572 1419 huc
595 1382 770 1430 Cyrenas
791 1382 882 1420 leno
902 1381 1060 1420 aduexit
1081 1381 1285 1432 uirginem.

332 1448 566 1486 adulescens
587 1446 750 1497 quidam
773 1446 871 1485 ciuis
892 1446 1022 1485 huiius
1043 1447 1199 1485 Atticus

333 1526 419 1551 eam
441 1512 540 1551 uidit
561 1512 615 1551 ire
636 1526 657 1550 e
679 1513 773 1550 ludo
796 1511 972 1550 fidicinio
992 1513 1169 1559 domum,

333 1592 464 1616 amare
485 1578 639 1628 occepit
660 1593 666 1615 :
696 1579 747 1616 ad
769 1579 954 1616 lenonem
976 1578 1149 1625 deuenit,

334 1643 449 1682 minis
470 1643 626 1693 triginta
647 1643 721 1681 sibi
743 1645 915 1693 puellam
937 1643 1107 1682 destinat
1581 1659 1623 1695 45

332 1711 479 1760 datque
499 1710 733 1747 arrabonem
757 1716 794 1747 et
816 1708 898 1747 iure
918 1709 1085 1748 iurando
1105 1710 1246 1760 alligat.

332 1775 363 1813 is
384 1777 484 1822 leno,
509 1783 550 1813 ut
572 1788 612 1813 se
633 1787 805 1824 aequom
829 1782 897 1821 est,
921 1775 1033 1813 flocci
1055 1789 1136 1813 non
1158 1776 1249 1814 fecit
1271 1777 1389 1815 fidem

332 1855 461 1891 neque
482 1842 590 1891 quod
613 1841 759 1879 iuratus
782 1841 1024 1880 adulescenti
1047 1841 1206 1879 dixerat.

333 1908 369 1945 ei
389 1915 469 1945 erat
490 1909 634 1958 hospes
655 1923 724 1960 par
745 1909 814 1956 sui,
839 1909 992 1947 Siculus
1013 1922 1131 1946 senex

333 1974 530 2020 scelestus,
554 1974 844 2026 Agrigentinus,
869 1975 974 2013 urbis
995 1974 1196 2025 proditor;
1582 1984 1624 2019 50

332 2037 364 2075 is
386 2037 487 2076 illius
508 2040 668 2079 laudare
691 2041 775 2079 infit
797 2043 960 2079 formam
983 2039 1143 2090 uirginis

267 2152 308 2181 24
334 2143 504 2182 perduunt
523 2145 587 2176 cod.
701 2156 741 2184 25
768 2146 925 2185 periuriis
945 2145 982 2180 P,
1002 2146 1034 2175 A
1053 2157 1085 2176 n.
1104 2145 1123 2176 l.
1248 2146 1290 2176 26
1312 2145 1387 2184 pius
1406 2143 1558 2175 Merula:

225 2186 300 2225 plus
320 2186 355 2220 P.
377 2187 409 2216 Α
424 2199 454 2218 n.
477 2189 497 2220 Ι.
635 2190 676 2219 28
703 2190 764 2219 hoc
785 2189 958 2219 Fleckeisen
1057 2189 1113 2229 qui
1137 2189 1222 2220 estis
1242 2189 1391 2219 Merula:
1427 2190 1558 2228 questis

224 2233 260 2259 ut
275 2229 338 2261 vid.
358 2230 390 2261 P
405 2231 488 2272 (que
508 2232 614 2263 uestis
634 2232 735 2265 PBCN.
759 2232 790 2262 Α
809 2244 841 2262 n.
862 2233 880 2263 Ι.
945 2234 1032 2264 inter
1045 2244 1075 2264 v.
1091 2243 1133 2273 29
1148 2237 1177 2262 r!
1191 2244 1220 2264 v.
1239 2243 1281 2272 30
1293 2232 1400 2262 alium
1418 2232 1553 2262 lmbctA

224 2275 334 2313 40—56
358 2276 597 2306 nonnullorum
624 2286 780 2306 versuum
808 2280 948 2306 extrema
988 2281 1115 2307 servata
1133 2277 1164 2306 A
1323 2286 1365 2315 42
1390 2276 1510 2306 atticos
1527 2275 1561 2305 Ρ

224 2329 266 2356 49
282 2318 471 2359 (namque)
490 2320 518 2349 ci
534 2325 606 2349 erat
628 2319 766 2359 Ussing:
793 2320 823 2350 ei
847 2320 963 2350 aderat
988 2319 1113 2351 Schoell
1201 2330 1261 2360 par
1280 2321 1333 2351 sui
1360 2319 1532 2352 Fleckeisen
1549 2331 1555 2349 ε

224 2363 319 2405 parui
338 2362 377 2396 P,
396 2363 427 2392 A
448 2374 478 2392 n.
503 2363 521 2392 l.
