1747 2740
596 144 825 182 TRINVM
834 143 946 180 MVS
1373 141 1442 178 IV.
1466 140 1494 177 ii

112 258 226 297 tribu’
247 257 419 296 nummis
440 256 559 295 hodie
580 255 706 294 locaui
728 256 778 294 ad
799 254 890 293 artis
912 252 1145 303 nugatorias.

24 325 90 369 845
111 323 284 363 aduenio
304 338 350 362 ex
371 322 559 369 Seleucia,
585 320 834 365 Macedonia,
859 319 955 358 Asia
974 327 1093 369 atquc
1115 317 1272 365 Arabia,

111 402 209 439 quas
248 402 321 439 ego
366 401 495 438 neque
537 386 661 426 oculis
706 399 779 424 nec
818 384 988 436 pedibus
1029 397 1220 434 umquam
1260 382 1447 433 usurpaui

1336 447 1443 486 meis.

111 518 232 556 uiden
253 524 404 567 egestas
427 516 522 567 quid
544 516 676 566 negoti
698 517 765 554 dat
785 514 939 554 homini
962 514 1104 553 misero
1126 513 1229 561 mali,
1469 524 1487 555 5

111 583 207 634 quin
234 597 308 634 ego
342 596 448 621 nunc
484 581 644 632 subigor
678 581 794 620 trium
830 583 1039 619 nummum
1079 594 1218 619 caussa
1259 587 1301 617 ut
1328 580 1447 617 hasce

1259 645 1447 695 epistulas

110 715 240 755 dicam
262 715 312 754 ab
334 728 381 753 eo
410 714 572 753 homine
597 727 660 752 me
689 712 889 764 accepisse
916 726 1036 763 quem
1067 725 1140 762 ego
1168 711 1235 762 qui
1257 711 1304 749 sit
1326 712 1448 749 homo

1313 776 1448 815 nescio

23 851 93 895 850
111 859 242 896 neque
263 845 369 891 noui,
393 858 523 894 neque
544 851 659 882 natus
680 857 807 882 necne
828 843 859 881 is
880 842 994 881 fuerit
1015 842 1056 881 id
1077 842 1204 881 solide
1226 841 1318 880 scio.

112 912 190 952 CH.
232 912 299 962 pol
341 909 570 960 hicquidem
615 908 779 960 fungino
818 916 1022 959 generest:
1071 908 1200 958 capite
1240 921 1280 946 se
1319 915 1446 946 totum

1340 973 1444 1023 tegit.

114 1041 294 1080 Hilurica
314 1040 433 1080 facies
453 1040 610 1079 uidetur
629 1039 814 1087 hominis,
837 1052 886 1078 eo
906 1046 1047 1078 ornatu
1068 1038 1241 1078 aduenit.
1472 1050 1512 1071 10

122 1110 188 1147 Sv.
219 1107 269 1145 ill’
290 1107 357 1157 qui
379 1120 442 1145 me
467 1105 667 1152 conduxit,
691 1104 760 1143 ubi
780 1104 985 1152 conduxit,
1005 1104 1169 1143 abduxit
1190 1105 1368 1150 domum,

113 1185 216 1222 quae
237 1170 362 1210 uoluit
384 1170 480 1209 mihi
501 1170 608 1217 dixit,
632 1169 769 1208 docuit
790 1177 829 1208 et
849 1169 1149 1220 praemostrauit
1170 1171 1276 1219 prius

25 1244 92 1289 855
113 1250 194 1288 quo
210 1237 333 1274 modo
352 1235 530 1286 quidque
544 1248 701 1286 agerem
717 1249 728 1283 3
754 1248 860 1273 nunc
881 1236 983 1273 adeo
1004 1234 1035 1272 si
1052 1234 1148 1284 quid
1165 1248 1238 1284 ego
1259 1234 1451 1272 addidero

1265 1299 1447 1348 amplius,

112 1381 161 1406 eo
181 1369 401 1406 conductor
420 1366 560 1405 melius
580 1367 631 1405 de
652 1355 717 1404 me
737 1379 860 1416 nugas
882 1364 1160 1404 conciliauerit.

113 1440 156 1471 ut
176 1432 241 1472 ille
261 1446 324 1471 me
345 1432 558 1478 exornauit,
581 1431 635 1470 ita
655 1445 743 1469 sum
764 1439 924 1469 ornatus
941 1445 951 1479 ;
979 1438 1184 1481 argentum
1206 1431 1280 1468 hac
1301 1429 1403 1468 facit.
1472 1443 1510 1476 15

116 1498 200 1549 ipse
219 1505 450 1537 ornamenta
469 1511 492 1535 a
512 1498 684 1547 chorago
704 1498 802 1535 haec
824 1496 990 1547 sumpsit
1012 1510 1084 1535 suo
1104 1496 1289 1547 periculo.

116 1576 223 1601 nunc
243 1576 316 1612 ego
336 1562 367 1600 si
388 1570 525 1612 potero
546 1561 789 1600 ornamentis
810 1561 1015 1599 hominem
1036 1562 1343 1608 circumducere,

28 1634 98 1669 860
116 1629 222 1667 dabo
243 1641 403 1678 operam
424 1635 466 1665 ut
487 1640 551 1664 me
571 1640 657 1664 esse
678 1626 808 1677 ipsum
830 1628 946 1677 plane
967 1627 1251 1676 sycophantam
1274 1626 1426 1664 sentiat.

117 1694 195 1733 CH.
224 1706 343 1743 quam
365 1692 478 1742 magi’
494 1699 643 1742 specto,
659 1691 780 1730 minu'
796 1693 925 1742 placet
942 1691 994 1729 mi
1012 1692 1109 1729 haec
1126 1691 1297 1729 hominis
1318 1691 1448 1730 facies.

1242 1755 1338 1794 mira
1357 1764 1448 1794 sunt

114 1825 156 1863 ni
176 1824 253 1862 illic
273 1824 432 1862 homost
453 1830 520 1861 aut
540 1823 773 1861 dormitator
792 1830 859 1861 aut
880 1831 1008 1861 sector
1029 1822 1217 1860 zonarius.
1472 1834 1514 1857 20

115 1892 202 1928 loca
222 1891 475 1939 contemplat,
499 1888 801 1939 circumspectat
822 1902 908 1927 sese
928 1896 1048 1939 atque
1068 1888 1178 1926 aedis
1199 1887 1379 1925 noscitat.

116 1956 235 1994 credo
256 1956 409 2005 edepol,
432 1968 513 2005 quo
534 1968 626 1993 mox
647 1956 817 1993 furatum
839 1954 973 1993 ueniat
994 1956 1217 2004 speculatur
1237 1955 1334 1991 loca.

29 2024 95 2068 865
118 2020 231 2071 magi'
251 2019 426 2058 lubidost
447 2033 656 2070 opseruare
677 2019 773 2070 quid
793 2028 881 2070 agat
899 2036 906 2059 ι
937 2019 972 2058 ei
993 2019 1046 2057 rei
1068 2032 1227 2070 operam
1250 2019 1366 2057 dabo.

160 2126 224 2164 844
251 2124 479 2163 nauigatorias
507 2123 539 2153 A
571 2126 649 2165 <pro
676 2125 933 2164 naugatorias'f')
1067 2125 1132 2162 846
1156 2123 1393 2163 usurpauimus
1422 2121 1455 2151 P

118 2170 192 2209 (pro
206 2168 366 2208 usurpaui
379 2167 463 2207 miis,
477 2169 755 2208 antiquasorma)
835 2169 896 2207 847
917 2167 999 2206 male
1015 2167 1131 2206 (vel-i)
1149 2167 1180 2196 A
1273 2167 1336 2204 848
1354 2167 1409 2204 qui
1422 2165 1456 2195 P

117 2222 325 2243 nummorum
345 2211 432 2242 codd.
568 2213 633 2251 850
656 2213 683 2243 is
700 2223 765 2243 om.
786 2212 818 2242 A
1291 2211 1353 2248 855
1379 2209 1450 2248 qui-

117 2267 183 2296 que
201 2256 234 2286 P
350 2255 413 2293 856
436 2255 603 2286 conducto
619 2256 651 2285 A
744 2257 806 2295 857
833 2255 999 2286 exornaui
1017 2254 1045 2284 F
1066 2258 1152 2286 ‘corn
1169 2253 1217 2283 Di
1289 2254 1350 2283 hoc
1365 2252 1447 2291 PG),

106 2300 189 2339 fort.
209 2304 284 2330 recte
403 2300 470 2330 860
494 2300 602 2338 ipsum
621 2299 723 2339 plane
740 2310 817 2330 esse
834 2300 867 2329 A
979 2300 1053 2336 861,
1073 2299 1135 2337 865
1161 2298 1210 2327 vel
1224 2308 1321 2336 mage
1411 2296 1451 2326 ab

116 2344 180 2374 862
206 2354 290 2374 nova
307 2353 420 2373 scaena
438 2344 560 2383 (novus
575 2343 677 2374 scriba
689 2344 714 2384 ‘37
734 2342 808 2374 PCD
939 2343 1022 2381 864·
1033 2352 1111 2381 1044
1137 2343 1219 2373 deest
1234 2341 1265 2372 A
1387 2340 1450 2379 864

117 2398 183 2419 nox
201 2386 347 2428 Scaliger
