1747 2740
175 130 224 171 V.
243 133 273 170 ii
671 130 716 169 T.
751 129 932 170 MACCI
964 127 1169 168 PLAVTI

247 244 318 280 LA.
351 242 644 293 quadrigentos.
705 243 784 280 GR.
815 249 958 280 tramas
997 240 1166 292 putidas.
1227 242 1299 279 LA.
1331 240 1580 292 quingentos.

1099 309 1176 345 GR.
1210 320 1362 345 cassam
1382 308 1579 357 glandem.

247 374 318 411 LA.
350 380 562 411 sescentos
624 374 700 411 GR.
734 372 1054 411 curculiunculos
1076 372 1251 411 minutos
1273 372 1459 411 fabulare.
1606 384 1691 420 ¹325

245 439 316 476 LA.
349 438 455 477 dabo
485 437 768 488 septingentos.
829 440 905 477 GR.
938 451 982 477 os
1017 439 1118 477 calet
1153 437 1234 485 tibi,
1267 451 1374 476 nunc
1403 437 1444 476 id
1474 437 1583 488 frige-

1447 504 1580 542 factas.

185 581 225 611 40
246 569 317 606 LA.
350 568 456 607 mille
477 569 583 607 dabo
605 582 825 607 nummum.
886 570 962 608 GR.
996 568 1180 608 somnias.
1243 570 1313 607 LA.
1344 568 1441 607 nihil
1462 569 1580 608 addo.

979 636 1056 673 GR.
1088 634 1153 672 abi
1175 633 1301 684 igitur.
1361 636 1432 672 LA.
1464 634 1581 673 audi:

245 698 276 738 si
306 700 436 738 hercle
465 698 600 738 abiero
630 699 735 746 hinc,
758 698 823 738 hic
851 712 931 738 non
962 713 1040 738 ero.
1101 699 1168 737 uin
1191 707 1352 738 centum
1380 707 1418 738 et
1446 699 1582 738 mille?

1310 767 1387 803 GR.
1419 765 1579 803 dormis.

245 832 316 868 LA.
349 831 535 881 eloquere
574 837 767 880 quantum
808 831 994 881 postules.
1067 832 1143 868 GR.
1177 843 1258 880 quo
1297 830 1395 868 nihil
1434 830 1582 869 inuitus

1431 897 1556 935 addas
1574 911 1580 934 :

243 962 435 999 talentum
458 974 657 1011 magnum.
717 974 798 999 non
820 968 950 1011 potest
972 960 1185 999 triobolum
1207 960 1300 999 hinc
1321 961 1471 999 abesse.
1603 972 1692 1009 1330

243 1026 356 1078 proin
378 1034 419 1065 tu
441 1028 504 1065 uel
525 1026 605 1065 aias
628 1027 690 1065 uel
711 1040 841 1077 neges.
903 1028 973 1065 LA.
1007 1026 1103 1077 quid
1125 1026 1244 1065 istic?
1279 1040 1486 1066 necessum
1507 1035 1577 1075 est,

1436 1092 1580 1131 uideo:

182 1171 223 1204 45
245 1157 403 1196 dabitur
424 1159 627 1197 talentum.
683 1159 760 1196 GR.
793 1158 941 1197 accede
957 1158 1054 1197 dum
1076 1158 1178 1196 huc:
1209 1159 1347 1196 Venus
1368 1158 1466 1196 haec
1486 1159 1581 1196 uolo

1344 1224 1508 1273 adroget
1530 1230 1578 1262 te.

244 1289 314 1326 LA.
348 1289 457 1338 quod
486 1287 556 1326 tibi
582 1288 691 1326 lubet
712 1287 753 1327 id
781 1287 834 1326 mi
862 1287 1023 1339 impera.
1084 1289 1161 1327 GR.
1195 1296 1310 1338 tange
1340 1302 1446 1326 aram
1478 1289 1581 1327 hanc

1104 1353 1282 1392 Veneris.
1344 1355 1414 1392 LA.
1449 1361 1577 1405 tango.

243 1421 320 1458 GR.
353 1433 422 1470 per
438 1421 635 1458 Venerem
658 1420 762 1457 hane
779 1418 989 1458 iurandum
1007 1426 1065 1458 est
1087 1418 1169 1458 tibi.
1213 1421 1284 1457 LA.
1317 1419 1414 1469 quid
1431 1418 1579 1458 iurem?

1176 1486 1253 1523 GR.
1287 1486 1395 1535 quod
1416 1484 1576 1525 iubebo.

242 1553 314 1589 LA.
347 1550 453 1602 praei
483 1550 614 1589 uerbis
644 1550 814 1601 quiduis.
876 1548 950 1603 [id]
982 1551 1091 1600 quod
1121 1550 1231 1589 domi
1262 1559 1330 1598 est,
1358 1564 1577 1602 numquam
1602 1561 1687 1598 1335

1243 1616 1310 1654 ulli
1331 1616 1576 1668 supplicabo.

243 1684 319 1721 GR.
353 1690 443 1721 tene
463 1695 571 1720 aram
593 1683 706 1720 hanc.
769 1683 840 1719 LA.
873 1689 1001 1720 teneo,
1054 1683 1131 1720 GR.
1165 1681 1295 1720 deiera
1318 1690 1356 1721 te
1373 1682 1425 1720 mi
1446 1695 1580 1733 argen-

1289 1755 1373 1786 tum
1394 1749 1578 1787 daturum

184 1828 224 1861 50
243 1814 385 1853 eodem
408 1812 483 1859 die,
505 1811 597 1865 (tui)
617 1813 742 1851 niduli
763 1812 831 1851 ubi
852 1812 903 1851 sis
924 1812 1083 1863 potitus.
1145 1814 1217 1851 LA.
1249 1814 1326 1852 fiat.

351 1880 428 1917 GR.
461 1879 588 1917 Venu’
610 1878 860 1928 Cyrenensis,
881 1886 1023 1918 testem
1044 1886 1082 1917 te
1104 1886 1224 1917 testor
1246 1878 1353 1926 mihi,

349 1943 381 1982 si
403 1943 584 1983 uidulum
608 1943 717 1981 illum
740 1943 859 1994 quem
881 1957 955 1994 ego
977 1943 1016 1981 in
1037 1943 1129 1982 naui
1151 1943 1305 1994 perdidi

349 2023 441 2048 cum
461 2023 556 2048 auro
577 2017 696 2060 atque
717 2017 879 2060 argento
901 2011 1052 2048 saluom
1075 2009 1366 2060 inuestigauero
1600 2019 1690 2056 1340

350 2074 461 2125 isque
482 2074 522 2113 in
543 2082 781 2125 potestatem
804 2088 932 2113 meam
956 2074 1189 2125 peruenerit,

289 2179 371 2218 1326
394 2189 482 2209 nunc
500 2179 531 2209 id
550 2178 742 2218 frigefactas
761 2178 972 2209 Caum-arins
982 2183 1010 2209 et
1022 2178 1137 2211 Valla:
1163 2180 1282 2219 nungit
1295 2179 1416 2220 frigide
1431 2180 1576 2221 (frigede

241 2226 388 2262 sequente
405 2233 470 2253 ras.
488 2234 519 2261 4*
533 2232 552 2260 5
568 2222 626 2253 litt.
648 2223 693 2253 Bi
713 2223 816 2253 saetas
833 2222 899 2254 cod.
1042 2233 1131 2263 1327.
1156 2225 1239 2262 1328
1262 2224 1312 2255 vel
1327 2224 1388 2255 LA.
1409 2224 1491 2255 nihil
1510 2249 1517 2256 .
1538 2250 1545 2257 .
1569 2251 1575 2256 .

243 2266 354 2304 igitur.
402 2266 558 2297 GR.audi
578 2291 583 2296 .
603 2290 610 2297 .
631 2290 637 2297 .
659 2277 718 2296 ero
814 2276 893 2306 1333
919 2267 1047 2306 impera
1058 2268 1154 2299 ltal.:
1179 2268 1320 2307 imperat
1332 2267 1399 2299 cod.
1492 2279 1574 2308 1335

242 2310 334 2349 praei
355 2309 507 2340 Merula:
535 2320 615 2349 prae
631 2310 697 2342 cod.
787 2310 819 2340 id
843 2310 901 2341 dcl,
921 2310 1054 2350 Benflejy
1078 2317 1169 2341 mem
1195 2322 1295 2342 causa
1387 2315 1524 2352 numqui
1546 2313 1579 2343 Β

242 2354 298 2384 uili
315 2353 380 2384 cod.
476 2363 556 2393 ¹337
582 2354 627 2384 tui
646 2353 722 2384 add.
737 2353 872 2394 Seyffirt
965 2356 1046 2394 1338
1071 2366 1131 2395 sqq
1159 2355 1298 2386 Labracn'
1311 2356 1505 2386 conlinuant
1519 2357 1579 2387 alii

246 2407 326 2436 1340
350 2407 423 2427 cum
442 2397 512 2428 Ital.
530 2409 535 2429 ε
562 2408 660 2436 quam
677 2397 742 2429 cod.
763 2405 836 2439 <pro
862 2408 974 2437 quom,
996 2400 1014 2429 i.
1029 2410 1053 2429 ι’.
1071 2409 1146 2429 cum
1161 2401 1182 2439 ²)
