1747 2740
119 113 194 152 III.
218 115 232 153 i

89 465 166 502 III.
189 464 204 502 i

160 1173 202 1196 10

156 1495 195 1530 15

649 120 695 158 T.
731 120 912 159 MACCI
944 120 1150 161 PLAVTI

707 351 943 399 ACTVS
997 353 1074 399 III

535 462 797 499 STRABAX
910 463 1251 502 ASTAPHIYM

329 561 476 598 STRAB.
512 560 597 597 Rus
619 572 735 597 mane
756 560 911 598 dudum
932 560 1026 599 hinc
1046 560 1100 599 ire
1116 574 1179 599 me
1199 561 1310 600 iussit
1330 569 1449 613 pater,
1580 567 1648 615 645

327 632 369 663 ut
390 624 521 663 bubus
541 625 727 674 glandem
749 625 917 674 prandio
938 627 1223 676 depromerem.

326 699 416 741 post
437 690 528 728 illoc
549 703 669 740 quam
691 689 794 737 ueni,
818 690 992 738 aduenit,
1017 690 1047 728 si
1069 691 1129 729 dis
1150 693 1288 741 placet,

326 758 378 796 ad
400 756 534 795 uillam
554 763 761 806 argentum
783 770 874 795 meo
895 756 963 807 qui
984 757 1158 796 debebat
1178 757 1288 807 patri,

326 822 394 874 qui
415 822 501 861 ouis
522 824 759 861 Tarentinas
780 831 861 861 erat
883 831 1079 861 mercatus
1100 824 1151 862 de
1167 831 1286 874 patre.

325 888 476 940 quaerit
497 896 659 938 patrem.
720 888 812 927 dico
833 901 919 928 esse
940 888 979 927 in
1001 889 1108 927 urbe.
1169 888 1366 940 interrogo
1579 898 1650 945 650

324 955 421 1006 quid
442 968 533 994 eum
554 954 650 993 uelit
891 969 909 990 *
1159 967 1178 988 *

325 1023 447 1060 homo
468 1020 688 1059 cruminam
710 1019 785 1059 sibi
806 1021 857 1059 de
877 1021 982 1059 00110
1002 1019 1183 1068 detrahit,

327 1087 452 1125 minas
473 1085 611 1136 uiginti
633 1085 687 1124 mi
708 1087 789 1124 dat.
846 1085 1000 1136 accipio
1020 1086 1173 1134 lubens,

326 1154 459 1192 condo
479 1151 520 1190 in
541 1151 773 1190 cruminam.
834 1151 899 1190 ille
919 1151 1026 1190 abiit.
1086 1165 1160 1203 ego
1180 1154 1393 1203 †perpera†
1414 1151 1540 1192 minas

325 1219 412 1258 ouis
432 1219 471 1256 in
493 1217 671 1256 crumina
691 1218 766 1255 hac
786 1215 900 1269 (huc)
919 1216 960 1255 in
980 1217 1119 1256 urbem
1136 1218 1272 1256 detuli.
1576 1219 1643 1264 655

323 1284 395 1323 fuit
415 1284 559 1334 edepol
582 1284 689 1320 Mars
712 1296 802 1321 meo
823 1281 1014 1333 periratus
1034 1282 1145 1333 patri,

323 1363 415 1389 nam
436 1362 532 1388 oues
553 1348 655 1386 illius
677 1349 755 1386 hau
777 1349 894 1398 longe
914 1357 1057 1399 apsunt
1078 1362 1101 1387 a
1121 1348 1233 1399 lupis.

323 1429 374 1454 ne
394 1428 468 1465 ego
488 1414 660 1453 urbanos
682 1413 777 1452 istos
798 1415 1013 1453 mundulos
1033 1414 1203 1454 amasios

324 1483 401 1520 hoc
420 1480 501 1519 ictu
522 1492 718 1530 exponam
739 1486 859 1530 atque
880 1479 1009 1518 omnis
1031 1479 1171 1518 eiciam
1191 1481 1304 1520 foras.

322 1546 557 1587 eradicarest
577 1552 728 1584 eertum
749 1544 978 1595 cumprimis
999 1553 1164 1595 patrem,
1572 1549 1644 1585 660

321 1621 410 1664 post
430 1612 471 1651 id
491 1613 669 1650 locorum
691 1618 867 1649 matrem.
928 1624 1035 1649 nunc
1056 1612 1133 1650 hoc
1153 1612 1328 1651 deferam

320 1685 526 1730 argentum
539 1677 591 1716 ad
605 1677 718 1722 hanc,
729 1689 848 1726 quarn
865 1688 977 1725 mage
990 1689 1082 1715 amo
1096 1689 1215 1727 quam
1230 1684 1395 1717 matrem
1410 1691 1550 1717 meam.

255 1787 321 1825 646
344 1785 498 1816 ciandem
516 1784 590 1815 PCD
736 1784 798 1822 647
825 1784 905 1814 ueni
929 1783 1157 1823 quamadueni
1175 1782 1266 1813 cod.:
1298 1792 1374 1814 corr.
1400 1781 1549 1823 Spengel,

212 1829 341 1860 Merula
491 1829 556 1868 649
579 1828 636 1868 qui
658 1829 734 1858 ouis
752 1828 957 1858 Tarentinas
981 1832 1053 1858 erat
1069 1827 1143 1858 Ital.
1160 1838 1167 1856 :
1199 1837 1266 1866 quo
1283 1827 1425 1857 uistaret
1443 1826 1553 1858 inase-

212 1879 287 1905 rant
302 1874 382 1913 <wat
397 1871 438 1911 C)
453 1871 519 1903 cod.
538 1874 560 1911 (ὗ
574 1872 640 1903 scil.
656 1883 676 1902 n
697 1872 822 1902 omissa
839 1875 866 1902 et
881 1872 1021 1912 ascripta
1039 1871 1146 1901 locum
1164 1881 1231 1901 non
1247 1881 1351 1901 suum
1368 1871 1550 1911 occupnvit’

213 1917 292 1957 Leo)

406 1917 467 1955 651
494 1916 587 1947 uellit
605 1916 669 1947 cod.
737 1914 942 1957 <concredat
959 1915 1040 1945 mihi
1059 1915 1087 1945 si
1100 1915 1180 1955 quid
1193 1913 1296 1957 uelit>
1308 1914 1414 1955 suppl.
1430 1914 1556 1946 Schoell

212 1974 242 2002 q.
263 1973 292 1992 e.
312 1972 345 1992 u.
366 1961 423 1991 vix
438 1960 560 1991 delend.
580 1961 637 1999 (iv,
665 1971 695 2000 p.
727 1960 784 1999 62)
970 1961 1034 1998 652
1060 1969 1255 1989 emmenam
1279 1958 1348 1989 cod.
1403 1958 1552 1990 detrahit

214 2006 448 2037 Camerarius:
468 2005 615 2035 detraxit
633 2004 698 2035 cod.
796 2004 859 2042 653
876 2003 926 2033 vel
941 2003 1022 2033 mihi
1092 2002 1260 2033 middatB
1347 2004 1410 2042 654
1427 2002 1551 2033 velabit

215 2061 357 2090 propere
374 2049 446 2080 Ital.
469 2061 476 2080 z
499 2059 583 2089 pera
599 2048 741 2089 Spengel
830 2050 894 2088 655
920 2047 995 2077 ouis
1008 2045 1138 2077 Merula
1156 2058 1163 2077 ε
1187 2047 1264 2086 quis
1285 2046 1351 2077 cod.
1365 2046 1411 2086 &Q
1423 2051 1486 2087 pro
1500 2045 1548 2077 Ο)

211 2096 276 2126 huc
300 2093 378 2124 add.
399 2092 534 2133 Geppert
621 2093 739 2123 urbem
757 2092 864 2123 detuli
882 2091 954 2122 Ital.
971 2102 978 2121 t
1003 2091 1087 2121 urbe
1104 2090 1265 2121 medetuli
1282 2090 1349 2122 cod.
1484 2091 1551 2129 656

211 2139 379 2179 periratus
399 2137 632 2168 Camerarius:
659 2138 787 2176 piratus
809 2135 875 2167 cod.
900 2135 972 2175 (vii.
992 2136 1024 2173 1)
1161 2135 1227 2174 658
1251 2144 1339 2165 nunc
1362 2144 1391 2165 e.
1411 2134 1431 2164 i.
1453 2143 1495 2164 rn.
1514 2144 1545 2164 u.

210 2193 367 2222 amaspos
400 2182 491 2212 cod.:
523 2186 596 2212 stos
621 2181 803 2211 mundolos
831 2179 973 2210 amasios
997 2178 1085 2210 codd.
1112 2177 1283 2209 Diomedis
1305 2187 1369 2217 343
1393 2177 1435 2209 K.
1457 2179 1497 2215 (s.
1515 2188 1545 2209 v.

210 2227 398 2258 amasiusx:
423 2226 554 2263 correxi,
588 2235 669 2254 nam
699 2223 856 2254 mundlos
889 2234 954 2253 non
977 2222 1156 2262 serendum
1184 2233 1239 2253 nec
1269 2221 1448 2252 mundulos
1476 2221 1546 2254 urb.

207 2272 327 2312 placet:
345 2271 425 2309 fort.
451 2279 540 2300 nunc
558 2267 692 2311 (nunc)
710 2278 737 2299 e.
758 2268 777 2299 i.
800 2278 841 2298 m.
863 2278 891 2298 a.
917 2266 992 2307 (del.
1020 2267 1195 2305 urbanos;
1231 2266 1273 2297 iv.
1301 2267 1332 2304 1)
1483 2266 1550 2304 659

212 2316 279 2346 ictu
297 2314 426 2345 Merula
442 2326 448 2344 ε
475 2314 522 2344 itu
540 2312 605 2344 cod.
708 2312 827 2342 ieciam
845 2309 909 2342 cod.
928 2311 1021 2349 (corr.
1041 2310 1089 2342 D}
1232 2311 1297 2340 660
1320 2309 1548 2340 eradicarensi

212 2359 278 2390 cod.
298 2359 389 2399 (-msi
409 2356 499 2396 PCD)
634 2357 694 2387 661
722 2356 869 2386 locatum
885 2353 952 2385 cod.
1016 2354 1078 2385 hoc
1096 2354 1151 2384 die
1169 2353 1285 2393 [hodie
1301 2352 1391 2384 Peon
1410 2353 1548 2383 efferam

212 2403 279 2434 cod.
300 2415 306 2433 ε
332 2413 410 2432 corr.
429 2400 572 2441 Spengel
759 2400 823 2429 662
847 2399 888 2429 ad
914 2398 999 2429 hanc
1023 2402 1203 2437 argentum
1229 2396 1293 2428 cod.
1313 2408 1319 2426 :
1347 2397 1417 2428 trm'.
1444 2395 1549 2427 Bothe

212 2446 360 2487 *rhythmi
373 2455 473 2476 causa
