1747 2740
65 1392 112 1428 70

692 92 921 131 RVDENS
1497 100 1615 128 PROL.

246 212 285 245 et
303 204 466 244 aliarum
487 203 623 243 itidem
646 217 748 254 quae
769 202 852 241 eius
873 210 982 241 erant
1004 201 1267 240 mulierculae.

246 271 331 310 infit
351 269 483 309 lenoni
504 270 669 308 suadere
691 277 733 307 ut
754 283 888 307 secum
911 268 1025 306 simul

245 344 308 376 eat
328 336 367 376 in
389 335 585 375 Siciliam:
617 335 669 373 ibi
692 349 777 374 esse
799 335 981 373 homines
1002 333 1245 384 uoluptarios

244 401 351 449 dicit,
374 409 531 452 potesse
552 400 606 439 ibi
626 414 717 439 eum
740 399 821 439 fieri
842 400 1019 445 diuitem,
1496 414 1535 446 55

243 467 296 506 ibi
318 480 403 505 esse
423 473 632 516 quaestum
654 479 883 504 maxumum
906 464 1187 503 meretricibus,

242 533 462 583 persuadet.
521 531 633 569 nauis
655 533 880 570 clanculum
901 530 1147 575 conducitur,

241 596 437 647 quidquid
458 603 539 635 erat
559 603 680 634 noctu
702 596 742 634 in
764 609 907 634 nauem
929 602 1151 645 comportat
1173 595 1296 633 domo

241 664 332 701 leno
348 677 356 709 ;
384 661 628 700 adulescenti
650 661 718 712 qui
739 663 909 712 puellam
931 661 982 699 ab
1003 674 1051 699 eo
1071 667 1218 699 emerat

240 728 293 767 ait
314 729 398 767 sese
420 727 565 766 Veneri
587 729 688 765 uelle
709 735 848 765 uotum
870 729 1023 765 soluere
1491 726 1535 759 60

240 793 298 845 (id
320 793 383 831 hic
404 800 461 832 est
482 792 647 831 Veneris
668 792 823 844 fanum)
845 793 882 832 et
904 807 951 831 eo
971 794 1022 831 ad
1044 791 1253 843 prandium

239 858 398 897 uocauit
418 859 714 897 adulescentem
738 859 825 896 huc.
886 858 969 908 ipse
990 857 1083 895 hinc
1104 856 1195 895 ilico

239 923 472 963 conscendit
493 937 647 970 nauem,
670 923 804 961 auehit
826 923 1101 962 meretriculas.

238 988 484 1029 adulescenti
503 988 567 1027 alii
588 996 746 1026 narrant
767 996 809 1026 ut
830 1002 889 1026 res
909 996 1018 1038 gesta
1038 987 1098 1034 sit,

239 1056 425 1093 lenonem
445 1053 598 1092 abiisse.
658 1054 709 1092 ad
731 1061 888 1103 portum
909 1054 1143 1091 adulescens
1165 1053 1297 1092 uenit:
1490 1053 1533 1097 65

239 1119 395 1158 illorum
416 1118 527 1157 nauis
548 1120 664 1168 longe
685 1118 725 1156 in
745 1120 869 1156 altum
891 1126 1142 1169 apscesserat.

239 1198 313 1235 ego
334 1184 522 1235 quoniam
544 1183 662 1222 uideo
683 1183 876 1234 uirginem
899 1183 1144 1233 asportarier,

238 1250 350 1290 tetuli
371 1257 409 1288 et
429 1249 464 1288 ei
484 1249 672 1288 auxilium
694 1257 732 1288 et
754 1249 887 1287 lenoni
910 1249 1071 1288 exitium
1094 1249 1210 1288 simul
1228 1264 1234 1288 :

238 1315 414 1366 increpui
435 1314 644 1353 hibernum
665 1301 704 1353 e't
724 1315 867 1352 fluctus
891 1314 999 1353 moui
1020 1314 1262 1354 maritumos.

238 1395 331 1421 nam
347 1383 536 1419 Arcturus
552 1380 707 1430 signum
724 1393 813 1418 sum
831 1380 1011 1419 omnium
1028 1380 1188 1433 (unum)
1203 1394 1468 1420 acerrumum:
1492 1393 1534 1428 70

238 1448 454 1485 uehemens
475 1459 562 1484 sum
583 1445 772 1492 exoriens,
797 1458 921 1495 quom
943 1446 1085 1485 occido
1107 1447 1390 1486 uehementior.

237 1526 342 1551 nunc
362 1512 493 1558 ambo,
516 1513 607 1550 leno
626 1519 746 1561 atque
768 1512 924 1562 hospes,
949 1511 989 1550 in
1010 1526 1103 1550 saxo
1125 1512 1240 1551 simul

236 1579 375 1616 sedent
397 1576 510 1614 eiecti
529 1592 535 1615 :
567 1575 678 1613 nauis
699 1577 900 1614 confracta
921 1585 979 1615 est
1001 1577 1066 1616 eis.

236 1643 301 1681 illa
320 1650 452 1680 autem
474 1641 582 1691 uirgo
602 1648 722 1691 atque
743 1643 863 1680 altera
884 1642 1021 1681 itidem
1043 1643 1226 1682 ancillula

237 1709 287 1746 de
309 1707 399 1746 naui
420 1706 582 1745 timidae
602 1707 860 1745 desuluerunt
882 1707 921 1745 in
943 1709 1141 1758 scapham.
1489 1723 1528 1758 75

236 1786 342 1811 nunc
363 1785 427 1811 eas
447 1772 499 1810 ab
518 1784 611 1810 saxo
632 1773 774 1811 fluctus
795 1774 846 1811 ad
867 1781 1008 1812 terram
1031 1775 1159 1813 ferunt

235 1839 286 1877 ad
307 1838 440 1877 uillam
462 1837 577 1885 illius,
598 1840 706 1876 exsul
729 1838 796 1877 ubi
819 1839 970 1878 habitat
993 1854 1122 1887 senex,

235 1903 377 1954 quoius
398 1902 623 1941 deturbauit
644 1911 786 1942 uentus
808 1911 957 1943 tectum
979 1913 1016 1944 et
1037 1907 1187 1955 tegulas
1202 1920 1212 1953 3

236 1978 274 2007 et
295 1982 428 2007 seruos
450 1967 527 2006 illic
547 1976 605 2006 est
626 1968 708 2007 eius
730 1969 797 2020 qui
820 1971 1016 2020 egreditur
1037 1973 1149 2009 foras.

235 2035 468 2073 adulescens
489 2034 566 2071 huc
588 2033 664 2072 iam
685 2035 883 2082 adueniet‚
906 2049 1024 2086 quem
1047 2037 1248 2084 uidebitis,
1484 2042 1528 2073 80

171 2149 213 2179 55
237 2138 329 2179 eum]
343 2139 477 2168 demum
489 2137 616 2169 Schoell
726 2150 853 2179 57-201
870 2140 954 2171 deest
970 2141 1003 2170 A
1120 2142 1159 2171 61
1188 2147 1221 2172 ct
1234 2141 1311 2172 leno
1329 2141 1470 2173 Mueller

128 2183 261 2222 (Rham.
279 2182 366 2212 Mus.
384 2192 435 2221 54,
453 2182 530 2221 5325
648 2184 690 2222 63
714 2194 836 2215 nauem
853 2186 1052 2215 conscendit
1067 2185 1283 2216 Camerarius
1350 2188 1465 2217 auehit

125 2227 201 2257 Ital.
223 2238 229 2258 ι
254 2226 369 2256 auenit
385 2225 452 2256 cod.
476 2226 588 2266 *Npro
600 2226 650 2265 H)
800 2230 842 2267 65
867 2228 916 2259 vel
930 2229 1077 2259 abiuisse
1169 2235 1302 2269 portum
1320 2229 1464 2273 (quom)

804 2280 829 2297 el

127 2304 300 2335 Fleckeisen
453 2305 495 2334 68
520 2309 553 2335 et
571 2305 600 2335 ei
619 2315 663 2335 an
681 2310 715 2336 et
732 2316 777 2336 an
796 2311 829 2336 et
847 2306 950 2336 insert.
973 2306 1037 2338 cod.
1199 2318 1240 2347 70
1265 2318 1365 2338 unum
1384 2308 1460 2340 add.

126 2347 261 2388 Seyffert
446 2358 485 2386 72
511 2349 544 2378 in
569 2358 613 2379 sa.
642 2349 683 2379 le.
712 2354 778 2388 atq.
804 2350 874 2381 hos.
902 2350 967 2380 cod.
990 2361 995 2380 ε
1030 2352 1101 2382 (ναί.
1131 2350 1218 2390 Reiz,
1241 2351 1464 2382 allium-atione

116 2393 249 2429 favente
347 2401 386 2432 77
413 2391 482 2431 ubi]
501 2392 558 2432 qui
575 2392 618 2422 ibi
637 2391 739 2423 Bothe
837 2403 879 2433 79
904 2393 972 2424 Sed
990 2393 1102 2426 Luchs
1161 2396 1211 2428 vel
1228 2395 1339 2427 illic'st
1357 2396 1442 2428 eiius
