<?xml version="1.0" encoding="UTF-8"?>
<!DOCTYPE html PUBLIC "-//W3C//DTD XHTML 1.0 Transitional//EN"
    "http://www.w3.org/TR/xhtml1/DTD/xhtml1-transitional.dtd">
<html xmlns="http://www.w3.org/1999/xhtml" xml:lang="en" lang="en">
 <head>
  <title>
</title>
<meta http-equiv="Content-Type" content="text/html;charset=utf-8" />
  <meta name='ocr-system' content='tesseract 3.04.00' />
  <meta name='ocr-capabilities' content='ocr_page ocr_carea ocr_par ocr_line ocrx_word'/>
</head>
<body>
  <div class='ocr_page' id='page_1' title='image "./comoediaerecogno02plau_0422.png"; bbox 0 0 1747 2740; ppageno 0'>
   <div class='ocr_carea' id='block_1_1' title="bbox 227 134 257 174">
    <p class='ocr_par' dir='ltr' id='par_1_1' title="bbox 227 134 257 174">
     <span class='ocr_line' id='line_1_1' title="bbox 227 134 257 174; baseline -0.033 0"><span class='ocrx_word' id='word_1_1' title='bbox 227 134 257 174; x_wconf 92' lang='grc' dir='ltr'>Ι.</span> 
     </span>
    </p>
   </div>
   <div class='ocr_carea' id='block_1_2' title="bbox 217 391 259 424">
    <p class='ocr_par' dir='ltr' id='par_1_2' title="bbox 217 391 259 424">
     <span class='ocr_line' id='line_1_2' title="bbox 217 391 259 424; baseline -0.024 0"><span class='ocrx_word' id='word_1_2' title='bbox 217 391 259 424; x_wconf 88' lang='grc'>95</span> 
     </span>
    </p>
   </div>
   <div class='ocr_carea' id='block_1_3' title="bbox 214 616 260 654">
    <p class='ocr_par' dir='ltr' id='par_1_3' title="bbox 214 616 260 654">
     <span class='ocr_line' id='line_1_3' title="bbox 214 616 260 654; baseline 0 0"><span class='ocrx_word' id='word_1_3' title='bbox 214 616 260 654; x_wconf 87' lang='lat' dir='ltr'>iii</span> 
     </span>
    </p>
   </div>
   <div class='ocr_carea' id='block_1_4' title="bbox 225 1304 264 1327">
    <p class='ocr_par' dir='ltr' id='par_1_4' title="bbox 225 1304 264 1327">
     <span class='ocr_line' id='line_1_4' title="bbox 225 1304 264 1327; baseline 0 0"><span class='ocrx_word' id='word_1_4' title='bbox 225 1304 264 1327; x_wconf 92' lang='lat'>10</span> 
     </span>
    </p>
   </div>
   <div class='ocr_carea' id='block_1_5' title="bbox 228 1629 264 1661">
    <p class='ocr_par' dir='ltr' id='par_1_5' title="bbox 228 1629 264 1661">
     <span class='ocr_line' id='line_1_5' title="bbox 228 1629 264 1661; baseline 0 0"><span class='ocrx_word' id='word_1_5' title='bbox 228 1629 264 1661; x_wconf 83' lang='lat'>15</span> 
     </span>
    </p>
   </div>
   <div class='ocr_carea' id='block_1_6' title="bbox 279 131 1193 172">
    <p class='ocr_par' dir='ltr' id='par_1_6' title="bbox 279 131 1193 172">
     <span class='ocr_line' id='line_1_6' title="bbox 279 131 1193 172; baseline -0.005 0"><span class='ocrx_word' id='word_1_6' title='bbox 279 132 309 172; x_wconf 89' lang='lat' dir='ltr'>ii</span> <span class='ocrx_word' id='word_1_7' title='bbox 691 134 737 170; x_wconf 91' lang='lat' dir='ltr'>T.</span> <span class='ocrx_word' id='word_1_8' title='bbox 773 131 955 172; x_wconf 89' lang='lat' dir='ltr'><strong>MACCI</strong></span> <span class='ocrx_word' id='word_1_9' title='bbox 988 131 1193 169; x_wconf 86' lang='lat' dir='ltr'>PLAVTI</span> 
     </span>
    </p>
   </div>
   <div class='ocr_carea' id='block_1_7' title="bbox 279 238 1575 553">
    <p class='ocr_par' dir='ltr' id='par_1_7' title="bbox 279 238 1575 425">
     <span class='ocr_line' id='line_1_7' title="bbox 279 238 1507 292; baseline -0.006 -9"><span class='ocrx_word' id='word_1_10' title='bbox 279 245 369 292; x_wconf 79' lang='lat' dir='ltr'>eho,</span> <span class='ocrx_word' id='word_1_11' title='bbox 391 242 635 289; x_wconf 88' lang='lat' dir='ltr'>Crocotium,</span> <span class='ocrx_word' id='word_1_12' title='bbox 659 242 681 289; x_wconf 90' lang='lat' dir='ltr'>i,</span> <span class='ocrx_word' id='word_1_13' title='bbox 706 240 921 292; x_wconf 83' lang='lat' dir='ltr'>parasitum</span> <span class='ocrx_word' id='word_1_14' title='bbox 943 239 1189 279; x_wconf 81' lang='lat' dir='ltr'>Gelasimum</span> <span class='ocrx_word' id='word_1_15' title='bbox 1210 240 1289 278; x_wconf 90' lang='lat' dir='ltr'>huc</span> <span class='ocrx_word' id='word_1_16' title='bbox 1309 238 1507 285; x_wconf 83' lang='lat' dir='ltr'>arcessito,</span> 
     </span>
     <span class='ocr_line' id='line_1_8' title="bbox 279 304 1575 356; baseline -0.005 -7"><span class='ocrx_word' id='word_1_17' title='bbox 279 317 411 349; x_wconf 86' lang='lat' dir='ltr'>tecum</span> <span class='ocrx_word' id='word_1_18' title='bbox 427 310 583 348; x_wconf 86' lang='lat' dir='ltr'>adduce</span> <span class='ocrx_word' id='word_1_19' title='bbox 598 323 608 356; x_wconf 75' lang='lat'>3</span> <span class='ocrx_word' id='word_1_20' title='bbox 638 321 731 346; x_wconf 88' lang='lat' dir='ltr'>nam</span> <span class='ocrx_word' id='word_1_21' title='bbox 749 307 860 346; x_wconf 90' lang='lat' dir='ltr'>illum</span> <span class='ocrx_word' id='word_1_22' title='bbox 877 314 1031 345; x_wconf 83' lang='lat' dir='ltr'>ecastor</span> <span class='ocrx_word' id='word_1_23' title='bbox 1048 305 1202 344; x_wconf 88' lang='lat' dir='ltr'>mittere</span> <span class='ocrx_word' id='word_1_24' title='bbox 1223 306 1274 344; x_wconf 92' lang='lat' dir='ltr'>ad</span> <span class='ocrx_word' id='word_1_25' title='bbox 1295 312 1453 355; x_wconf 88' lang='lat' dir='ltr'>portum</span> <span class='ocrx_word' id='word_1_26' title='bbox 1469 304 1575 351; x_wconf 90' lang='lat' dir='ltr'>uolo,</span> 
     </span>
     <span class='ocr_line' id='line_1_9' title="bbox 279 369 1393 425; baseline -0.006 -11"><span class='ocrx_word' id='word_1_27' title='bbox 279 375 309 414; x_wconf 82' lang='lat' dir='ltr'>si</span> <span class='ocrx_word' id='word_1_28' title='bbox 331 389 433 425; x_wconf 89' lang='lat' dir='ltr'>quae</span> <span class='ocrx_word' id='word_1_29' title='bbox 455 376 553 413; x_wconf 84' lang='lat' dir='ltr'>forte</span> <span class='ocrx_word' id='word_1_30' title='bbox 575 388 621 412; x_wconf 85' lang='lat' dir='ltr'>ex</span> <span class='ocrx_word' id='word_1_31' title='bbox 643 372 739 411; x_wconf 87' lang='lat' dir='ltr'>Asia</span> <span class='ocrx_word' id='word_1_32' title='bbox 760 372 874 410; x_wconf 85' lang='lat' dir='ltr'>nauis</span> <span class='ocrx_word' id='word_1_33' title='bbox 896 371 979 410; x_wconf 76' lang='lat' dir='ltr'>heri</span> <span class='ocrx_word' id='word_1_34' title='bbox 1000 378 1068 409; x_wconf 90' lang='lat' dir='ltr'>aut</span> <span class='ocrx_word' id='word_1_35' title='bbox 1089 370 1210 410; x_wconf 74' lang='lat' dir='ltr'>hodie</span> <span class='ocrx_word' id='word_1_36' title='bbox 1231 369 1393 409; x_wconf 86' lang='lat' dir='ltr'>uenerit.</span> 
     </span>
    </p>

    <p class='ocr_par' dir='ltr' id='par_1_8' title="bbox 279 434 1400 489">
     <span class='ocr_line' id='line_1_10' title="bbox 279 434 1400 489; baseline -0.006 -9"><span class='ocrx_word' id='word_1_37' title='bbox 279 455 371 479; x_wconf 89' lang='lat' dir='ltr'>nam</span> <span class='ocrx_word' id='word_1_38' title='bbox 392 441 477 479; x_wconf 83' lang='lat' dir='ltr'>dies</span> <span class='ocrx_word' id='word_1_39' title='bbox 498 448 603 479; x_wconf 89' lang='lat' dir='ltr'>totos</span> <span class='ocrx_word' id='word_1_40' title='bbox 625 439 732 489; x_wconf 87' lang='lat' dir='ltr'>apud</span> <span class='ocrx_word' id='word_1_41' title='bbox 754 446 914 489; x_wconf 90' lang='lat' dir='ltr'>portum</span> <span class='ocrx_word' id='word_1_42' title='bbox 938 450 1074 476; x_wconf 84' lang='lat' dir='ltr'>seruos</span> <span class='ocrx_word' id='word_1_43' title='bbox 1096 449 1198 475; x_wconf 91' lang='lat' dir='ltr'>unus</span> <span class='ocrx_word' id='word_1_44' title='bbox 1218 434 1374 474; x_wconf 81' lang='lat' dir='ltr'>adsidet</span> <span class='ocrx_word' id='word_1_45' title='bbox 1390 449 1400 483; x_wconf 80' lang='lat'><em>3</em></span> 
     </span>
    </p>

    <p class='ocr_par' dir='ltr' id='par_1_9' title="bbox 279 498 1567 553">
     <span class='ocr_line' id='line_1_11' title="bbox 279 498 1567 553; baseline -0.006 -8"><span class='ocrx_word' id='word_1_46' title='bbox 279 508 349 545; x_wconf 88' lang='lat' dir='ltr'>sed</span> <span class='ocrx_word' id='word_1_47' title='bbox 370 514 503 545; x_wconf 89' lang='lat' dir='ltr'>tamen</span> <span class='ocrx_word' id='word_1_48' title='bbox 525 506 618 544; x_wconf 89' lang='lat' dir='ltr'>uolo</span> <span class='ocrx_word' id='word_1_49' title='bbox 640 503 827 543; x_wconf 78' lang='lat' dir='ltr'>interuisi.</span> <span class='ocrx_word' id='word_1_50' title='bbox 889 515 1056 553; x_wconf 87' lang='lat' dir='ltr'>propera</span> <span class='ocrx_word' id='word_1_51' title='bbox 1076 509 1196 552; x_wconf 85' lang='lat' dir='ltr'>atque</span> <span class='ocrx_word' id='word_1_52' title='bbox 1216 507 1394 539; x_wconf 87' lang='lat' dir='ltr'>actutum</span> <span class='ocrx_word' id='word_1_53' title='bbox 1415 498 1567 538; x_wconf 90' lang='lat' dir='ltr'>redi.—</span> 
     </span>
    </p>
   </div>
   <div class='ocr_carea' id='block_1_8' title="bbox 551 612 1347 653">
    <p class='ocr_par' dir='ltr' id='par_1_10' title="bbox 551 612 1347 653">
     <span class='ocr_line' id='line_1_12' title="bbox 551 612 1347 653; baseline -0.009 0"><span class='ocrx_word' id='word_1_54' title='bbox 551 616 884 653; x_wconf 79' lang='lat' dir='ltr'>GELASIMVS</span> <span class='ocrx_word' id='word_1_55' title='bbox 1004 612 1347 651; x_wconf 78' lang='lat' dir='ltr'>CROCOTIVM</span> 
     </span>
    </p>
   </div>
   <div class='ocr_carea' id='block_1_9' title="bbox 387 691 1523 1725">
    <p class='ocr_par' dir='ltr' id='par_1_11' title="bbox 387 691 1523 1071">
     <span class='ocr_line' id='line_1_13' title="bbox 389 691 1413 746; baseline -0.008 -10"><span class='ocrx_word' id='word_1_56' title='bbox 389 700 463 737; x_wconf 82' lang='lat' dir='ltr'>GE.</span> <span class='ocrx_word' id='word_1_57' title='bbox 498 699 660 736; x_wconf 81' lang='lat' dir='ltr'><strong>Famem</strong></span> <span class='ocrx_word' id='word_1_58' title='bbox 682 709 755 746; x_wconf 82' lang='lat' dir='ltr'>ego</span> <span class='ocrx_word' id='word_1_59' title='bbox 777 694 897 733; x_wconf 85' lang='lat' dir='ltr'>fuisse</span> <span class='ocrx_word' id='word_1_60' title='bbox 919 692 1098 744; x_wconf 88' lang='lat' dir='ltr'>suspicor</span> <span class='ocrx_word' id='word_1_61' title='bbox 1119 700 1283 731; x_wconf 90' lang='lat' dir='ltr'>matrem</span> <span class='ocrx_word' id='word_1_62' title='bbox 1305 691 1413 738; x_wconf 90' lang='lat' dir='ltr'>mihi,</span> 
     </span>
     <span class='ocr_line' id='line_1_14' title="bbox 387 756 1416 813; baseline -0.008 -12"><span class='ocrx_word' id='word_1_63' title='bbox 387 776 478 801; x_wconf 91' lang='lat' dir='ltr'>nam</span> <span class='ocrx_word' id='word_1_64' title='bbox 501 770 711 813; x_wconf 83' lang='lat' dir='ltr'>postquam</span> <span class='ocrx_word' id='word_1_65' title='bbox 735 767 850 799; x_wconf 87' lang='lat' dir='ltr'>natus</span> <span class='ocrx_word' id='word_1_66' title='bbox 872 773 959 798; x_wconf 87' lang='lat' dir='ltr'>sum</span> <span class='ocrx_word' id='word_1_67' title='bbox 983 766 1089 797; x_wconf 85' lang='lat' dir='ltr'>satur</span> <span class='ocrx_word' id='word_1_68' title='bbox 1110 770 1329 807; x_wconf 82' lang='lat' dir='ltr'>numquam</span> <span class='ocrx_word' id='word_1_69' title='bbox 1351 756 1416 794; x_wconf 89' lang='lat' dir='ltr'>fui.</span> 
     </span>
     <span class='ocr_line' id='line_1_15' title="bbox 388 821 1391 878; baseline -0.008 -11"><span class='ocrx_word' id='word_1_70' title='bbox 388 841 518 878; x_wconf 78' lang='lat' dir='ltr'>neque</span> <span class='ocrx_word' id='word_1_71' title='bbox 539 827 749 878; x_wconf 83' lang='lat' dir='ltr'>quisquam</span> <span class='ocrx_word' id='word_1_72' title='bbox 771 825 912 864; x_wconf 90' lang='lat' dir='ltr'>melius</span> <span class='ocrx_word' id='word_1_73' title='bbox 934 825 1073 862; x_wconf 90' lang='lat' dir='ltr'>referet</span> <span class='ocrx_word' id='word_1_74' title='bbox 1095 822 1208 861; x_wconf 90' lang='lat' dir='ltr'>matri</span> <span class='ocrx_word' id='word_1_75' title='bbox 1229 821 1391 872; x_wconf 82' lang='lat' dir='ltr'>gratiam</span> 
     </span>
     <span class='ocr_line' id='line_1_16' title="bbox 389 887 1361 944; baseline -0.008 -12"><span class='ocrx_word' id='word_1_76' title='bbox 389 906 509 944; x_wconf 87' lang='lat' dir='ltr'>quam</span> <span class='ocrx_word' id='word_1_77' title='bbox 530 906 603 943; x_wconf 82' lang='lat' dir='ltr'>ego</span> <span class='ocrx_word' id='word_1_78' title='bbox 625 905 736 930; x_wconf 84' lang='lat' dir='ltr'>meae</span> <span class='ocrx_word' id='word_1_79' title='bbox 758 889 871 929; x_wconf 88' lang='lat' dir='ltr'>matri</span> <span class='ocrx_word' id='word_1_80' title='bbox 893 887 1361 929; x_wconf 83' lang='lat' dir='ltr'>refero—inuitissumus.</span> 
     </span>
     <span class='ocr_line' id='line_1_17' title="bbox 391 950 1523 1011; baseline -0.006 -14"><span class='ocrx_word' id='word_1_81' title='bbox 391 957 539 1011; x_wconf 88' lang='lat' dir='ltr'>[neque</span> <span class='ocrx_word' id='word_1_82' title='bbox 560 956 708 996; x_wconf 87' lang='lat' dir='ltr'>rettulit</span> <span class='ocrx_word' id='word_1_83' title='bbox 729 970 848 1007; x_wconf 87' lang='lat' dir='ltr'>quam</span> <span class='ocrx_word' id='word_1_84' title='bbox 870 969 944 1006; x_wconf 84' lang='lat' dir='ltr'>ego</span> <span class='ocrx_word' id='word_1_85' title='bbox 965 955 1089 993; x_wconf 88' lang='lat' dir='ltr'>refero</span> <span class='ocrx_word' id='word_1_86' title='bbox 1111 967 1223 992; x_wconf 86' lang='lat' dir='ltr'>meae</span> <span class='ocrx_word' id='word_1_87' title='bbox 1245 952 1359 990; x_wconf 86' lang='lat' dir='ltr'>matri</span> <span class='ocrx_word' id='word_1_88' title='bbox 1381 950 1523 1006; x_wconf 67' lang='lat' dir='ltr'>Fami]</span> 
     </span>
     <span class='ocr_line' id='line_1_18' title="bbox 390 1019 1364 1071; baseline -0.007 -8"><span class='ocrx_word' id='word_1_89' title='bbox 390 1038 482 1063; x_wconf 90' lang='lat' dir='ltr'>nam</span> <span class='ocrx_word' id='word_1_90' title='bbox 504 1023 569 1062; x_wconf 91' lang='lat' dir='ltr'>illa</span> <span class='ocrx_word' id='word_1_91' title='bbox 589 1037 653 1061; x_wconf 90' lang='lat' dir='ltr'>me</span> <span class='ocrx_word' id='word_1_92' title='bbox 674 1022 715 1060; x_wconf 89' lang='lat' dir='ltr'>in</span> <span class='ocrx_word' id='word_1_93' title='bbox 734 1023 825 1060; x_wconf 76' lang='lat' dir='ltr'>aluo</span> <span class='ocrx_word' id='word_1_94' title='bbox 848 1034 1002 1060; x_wconf 86' lang='lat' dir='ltr'>menses</span> <span class='ocrx_word' id='word_1_95' title='bbox 1023 1019 1191 1071; x_wconf 82' lang='lat' dir='ltr'>gestauit</span> <span class='ocrx_word' id='word_1_96' title='bbox 1211 1020 1364 1066; x_wconf 86' lang='lat' dir='ltr'>decern,</span> 
     </span>
    </p>

    <p class='ocr_par' dir='ltr' id='par_1_12' title="bbox 389 1085 1386 1205">
     <span class='ocr_line' id='line_1_19' title="bbox 390 1085 1386 1139; baseline -0.006 -11"><span class='ocrx_word' id='word_1_97' title='bbox 390 1097 428 1128; x_wconf 85' lang='lat' dir='ltr'>at</span> <span class='ocrx_word' id='word_1_98' title='bbox 450 1103 523 1139; x_wconf 86' lang='lat' dir='ltr'>ego</span> <span class='ocrx_word' id='word_1_99' title='bbox 544 1088 650 1127; x_wconf 91' lang='lat' dir='ltr'>illam</span> <span class='ocrx_word' id='word_1_100' title='bbox 672 1088 712 1126; x_wconf 91' lang='lat' dir='ltr'>in</span> <span class='ocrx_word' id='word_1_101' title='bbox 734 1089 825 1126; x_wconf 91' lang='lat' dir='ltr'>aluo</span> <span class='ocrx_word' id='word_1_102' title='bbox 845 1095 956 1137; x_wconf 83' lang='lat' dir='ltr'>gesto</span> <span class='ocrx_word' id='word_1_103' title='bbox 977 1087 1065 1136; x_wconf 83' lang='lat' dir='ltr'>plus</span> <span class='ocrx_word' id='word_1_104' title='bbox 1087 1098 1213 1124; x_wconf 88' lang='lat' dir='ltr'>annos</span> <span class='ocrx_word' id='word_1_105' title='bbox 1235 1085 1386 1123; x_wconf 89' lang='lat' dir='ltr'>decem.</span> 
     </span>
     <span class='ocr_line' id='line_1_20' title="bbox 389 1151 1292 1205; baseline -0.006 -12"><span class='ocrx_word' id='word_1_106' title='bbox 389 1162 509 1205; x_wconf 87' lang='lat' dir='ltr'>atque</span> <span class='ocrx_word' id='word_1_107' title='bbox 530 1154 596 1193; x_wconf 91' lang='lat' dir='ltr'>illa</span> <span class='ocrx_word' id='word_1_108' title='bbox 616 1167 781 1204; x_wconf 86' lang='lat' dir='ltr'>puerum</span> <span class='ocrx_word' id='word_1_109' title='bbox 804 1166 867 1191; x_wconf 91' lang='lat' dir='ltr'>me</span> <span class='ocrx_word' id='word_1_110' title='bbox 886 1151 1054 1202; x_wconf 83' lang='lat' dir='ltr'>gestauit</span> <span class='ocrx_word' id='word_1_111' title='bbox 1075 1152 1292 1202; x_wconf 89' lang='lat' dir='ltr'>paruolum,</span> 
     </span>
    </p>

    <p class='ocr_par' dir='ltr' id='par_1_13' title="bbox 392 1216 1322 1270">
     <span class='ocr_line' id='line_1_21' title="bbox 392 1216 1322 1270; baseline -0.004 -12"><span class='ocrx_word' id='word_1_112' title='bbox 392 1233 472 1270; x_wconf 87' lang='lat' dir='ltr'>quo</span> <span class='ocrx_word' id='word_1_113' title='bbox 494 1220 614 1258; x_wconf 90' lang='lat' dir='ltr'>minu&#39;</span> <span class='ocrx_word' id='word_1_114' title='bbox 637 1218 781 1258; x_wconf 87' lang='lat' dir='ltr'>laboris</span> <span class='ocrx_word' id='word_1_115' title='bbox 802 1217 953 1268; x_wconf 83' lang='lat' dir='ltr'>cepisse</span> <span class='ocrx_word' id='word_1_116' title='bbox 975 1216 1082 1254; x_wconf 88' lang='lat' dir='ltr'>illam</span> <span class='ocrx_word' id='word_1_117' title='bbox 1104 1216 1322 1255; x_wconf 82' lang='lat' dir='ltr'>existumo:</span> 
     </span>
    </p>

    <p class='ocr_par' dir='ltr' id='par_1_14' title="bbox 391 1283 1467 1461">
     <span class='ocr_line' id='line_1_22' title="bbox 393 1283 1348 1336; baseline -0.006 -11"><span class='ocrx_word' id='word_1_118' title='bbox 393 1300 465 1336; x_wconf 83' lang='lat' dir='ltr'>ego</span> <span class='ocrx_word' id='word_1_119' title='bbox 487 1299 567 1324; x_wconf 93' lang='lat' dir='ltr'>non</span> <span class='ocrx_word' id='word_1_120' title='bbox 589 1284 843 1336; x_wconf 82' lang='lat' dir='ltr'>pauxillulam</span> <span class='ocrx_word' id='word_1_121' title='bbox 865 1283 904 1321; x_wconf 88' lang='lat' dir='ltr'>in</span> <span class='ocrx_word' id='word_1_122' title='bbox 926 1290 1038 1321; x_wconf 88' lang='lat' dir='ltr'>utero</span> <span class='ocrx_word' id='word_1_123' title='bbox 1059 1290 1170 1333; x_wconf 85' lang='lat' dir='ltr'>gesto</span> <span class='ocrx_word' id='word_1_124' title='bbox 1191 1283 1348 1328; x_wconf 87' lang='lat' dir='ltr'>famem,</span> 
     </span>
     <span class='ocr_line' id='line_1_23' title="bbox 392 1347 1467 1398; baseline -0.005 -8"><span class='ocrx_word' id='word_1_125' title='bbox 392 1365 529 1390; x_wconf 87' lang='lat' dir='ltr'>uerum</span> <span class='ocrx_word' id='word_1_126' title='bbox 551 1352 683 1390; x_wconf 88' lang='lat' dir='ltr'>hercle</span> <span class='ocrx_word' id='word_1_127' title='bbox 705 1351 830 1388; x_wconf 90' lang='lat' dir='ltr'>multo</span> <span class='ocrx_word' id='word_1_128' title='bbox 852 1362 1076 1387; x_wconf 88' lang='lat' dir='ltr'>maxumam</span> <span class='ocrx_word' id='word_1_129' title='bbox 1098 1356 1136 1386; x_wconf 90' lang='lat' dir='ltr'>et</span> <span class='ocrx_word' id='word_1_130' title='bbox 1156 1347 1441 1398; x_wconf 82' lang='lat' dir='ltr'>grauissumam</span> <span class='ocrx_word' id='word_1_131' title='bbox 1456 1362 1467 1396; x_wconf 81' lang='lat'>3</span> 
     </span>
     <span class='ocr_line' id='line_1_24' title="bbox 391 1413 1147 1461; baseline -0.005 -6"><span class='ocrx_word' id='word_1_132' title='bbox 391 1416 490 1455; x_wconf 89' lang='lat' dir='ltr'>uteri</span> <span class='ocrx_word' id='word_1_133' title='bbox 511 1417 668 1455; x_wconf 85' lang='lat' dir='ltr'>dolores</span> <span class='ocrx_word' id='word_1_134' title='bbox 690 1415 743 1453; x_wconf 91' lang='lat' dir='ltr'>mi</span> <span class='ocrx_word' id='word_1_135' title='bbox 764 1414 951 1454; x_wconf 90' lang='lat' dir='ltr'>oboriunt</span> <span class='ocrx_word' id='word_1_136' title='bbox 972 1413 1147 1461; x_wconf 87' lang='lat' dir='ltr'>cottidie,</span> 
     </span>
    </p>

    <p class='ocr_par' dir='ltr' id='par_1_15' title="bbox 391 1479 1442 1598">
     <span class='ocr_line' id='line_1_25' title="bbox 391 1479 1442 1532; baseline -0.003 -11"><span class='ocrx_word' id='word_1_137' title='bbox 391 1484 461 1521; x_wconf 88' lang='lat' dir='ltr'>sed</span> <span class='ocrx_word' id='word_1_138' title='bbox 483 1490 647 1521; x_wconf 90' lang='lat' dir='ltr'>matrem</span> <span class='ocrx_word' id='word_1_139' title='bbox 669 1495 803 1532; x_wconf 85' lang='lat' dir='ltr'>parere</span> <span class='ocrx_word' id='word_1_140' title='bbox 825 1494 981 1531; x_wconf 83' lang='lat' dir='ltr'>nequeo</span> <span class='ocrx_word' id='word_1_141' title='bbox 1003 1493 1076 1519; x_wconf 88' lang='lat' dir='ltr'>nec</span> <span class='ocrx_word' id='word_1_142' title='bbox 1098 1479 1194 1530; x_wconf 88' lang='lat' dir='ltr'>quid</span> <span class='ocrx_word' id='word_1_143' title='bbox 1215 1493 1328 1530; x_wconf 85' lang='lat' dir='ltr'>agam</span> <span class='ocrx_word' id='word_1_144' title='bbox 1350 1479 1442 1520; x_wconf 89' lang='lat' dir='ltr'>scio.</span> 
     </span>
     <span class='ocr_line' id='line_1_26' title="bbox 391 1542 1135 1598; baseline -0.003 -10"><span class='ocrx_word' id='word_1_145' title='bbox 391 1547 592 1588; x_wconf 79' lang='lat' dir='ltr'>†auditaui</span> <span class='ocrx_word' id='word_1_146' title='bbox 613 1560 731 1598; x_wconf 88' lang='lat' dir='ltr'>saepe</span> <span class='ocrx_word' id='word_1_147' title='bbox 752 1547 828 1585; x_wconf 87' lang='lat' dir='ltr'>hoc</span> <span class='ocrx_word' id='word_1_148' title='bbox 850 1542 968 1596; x_wconf 87' lang='lat' dir='ltr'>uolgo</span> <span class='ocrx_word' id='word_1_149' title='bbox 988 1545 1135 1586; x_wconf 89' lang='lat' dir='ltr'>dicier†</span> 
     </span>
    </p>

    <p class='ocr_par' dir='ltr' id='par_1_16' title="bbox 393 1611 1446 1725">
     <span class='ocr_line' id='line_1_27' title="bbox 393 1611 1415 1663; baseline -0.002 -11"><span class='ocrx_word' id='word_1_150' title='bbox 393 1615 518 1652; x_wconf 88' lang='lat' dir='ltr'>solere</span> <span class='ocrx_word' id='word_1_151' title='bbox 539 1614 796 1663; x_wconf 88' lang='lat' dir='ltr'>elephantum</span> <span class='ocrx_word' id='word_1_152' title='bbox 817 1611 1020 1662; x_wconf 85' lang='lat' dir='ltr'>grauidam</span> <span class='ocrx_word' id='word_1_153' title='bbox 1042 1618 1253 1661; x_wconf 85' lang='lat' dir='ltr'>perpetuos</span> <span class='ocrx_word' id='word_1_154' title='bbox 1274 1612 1415 1651; x_wconf 92' lang='lat' dir='ltr'>decem</span> 
     </span>
     <span class='ocr_line' id='line_1_28' title="bbox 394 1675 1446 1725; baseline -0.002 -8"><span class='ocrx_word' id='word_1_155' title='bbox 394 1692 479 1718; x_wconf 84' lang='lat' dir='ltr'>esse</span> <span class='ocrx_word' id='word_1_156' title='bbox 500 1691 625 1716; x_wconf 83' lang='lat' dir='ltr'>annos</span> <span class='ocrx_word' id='word_1_157' title='bbox 644 1693 652 1725; x_wconf 84' lang='lat'>;</span> <span class='ocrx_word' id='word_1_158' title='bbox 683 1676 766 1715; x_wconf 84' lang='lat' dir='ltr'>eius</span> <span class='ocrx_word' id='word_1_159' title='bbox 789 1690 835 1715; x_wconf 88' lang='lat' dir='ltr'>ex</span> <span class='ocrx_word' id='word_1_160' title='bbox 856 1675 1007 1715; x_wconf 85' lang='lat' dir='ltr'>semine</span> <span class='ocrx_word' id='word_1_161' title='bbox 1028 1677 1126 1715; x_wconf 83' lang='lat' dir='ltr'>haec</span> <span class='ocrx_word' id='word_1_162' title='bbox 1147 1684 1292 1715; x_wconf 85' lang='lat' dir='ltr'>certost</span> <span class='ocrx_word' id='word_1_163' title='bbox 1312 1678 1446 1723; x_wconf 82' lang='lat' dir='ltr'>fames,</span> 
     </span>
    </p>
   </div>
   <div class='ocr_carea' id='block_1_10' title="bbox 286 1779 1627 2393">
    <p class='ocr_par' dir='ltr' id='par_1_17' title="bbox 286 1779 1627 2393">
     <span class='ocr_line' id='line_1_29' title="bbox 334 1779 1618 1823; baseline -0.002 -9"><span class='ocrx_word' id='word_1_164' title='bbox 334 1793 394 1823; x_wconf 87' lang='lat'>150</span> <span class='ocrx_word' id='word_1_165' title='bbox 419 1783 427 1813; x_wconf 91' lang='lat' dir='ltr'>i</span> <span class='ocrx_word' id='word_1_166' title='bbox 447 1794 512 1813; x_wconf 86' lang='lat' dir='ltr'>om.</span> <span class='ocrx_word' id='word_1_167' title='bbox 534 1782 566 1811; x_wconf 87' lang='lat' dir='ltr'><em>A</em></span> <span class='ocrx_word' id='word_1_168' title='bbox 637 1782 692 1812; x_wconf 91' lang='lat' dir='ltr'>hic</span> <span class='ocrx_word' id='word_1_169' title='bbox 710 1782 742 1812; x_wconf 89' lang='lat' dir='ltr'><em>A</em></span> <span class='ocrx_word' id='word_1_170' title='bbox 867 1792 927 1820; x_wconf 87' lang='lat'>152</span> <span class='ocrx_word' id='word_1_171' title='bbox 953 1782 1026 1812; x_wconf 87' lang='lat' dir='ltr'>heri</span> <span class='ocrx_word' id='word_1_172' title='bbox 1043 1781 1118 1823; x_wconf 88' lang='lat' dir='ltr'>aut]</span> <span class='ocrx_word' id='word_1_173' title='bbox 1134 1786 1235 1812; x_wconf 84' lang='lat' dir='ltr'>noctu</span> <span class='ocrx_word' id='word_1_174' title='bbox 1251 1781 1314 1812; x_wconf 87' lang='lat' dir='ltr'>hoc</span> <span class='ocrx_word' id='word_1_175' title='bbox 1332 1779 1470 1812; x_wconf 77' lang='lat' dir='ltr'>Mudler</span> <span class='ocrx_word' id='word_1_176' title='bbox 1485 1780 1618 1821; x_wconf 79' lang='lat' dir='ltr'>(Rlzein.</span> 
     </span>
     <span class='ocr_line' id='line_1_30' title="bbox 286 1825 1620 1866; baseline -0.002 -8"><span class='ocrx_word' id='word_1_177' title='bbox 286 1827 375 1859; x_wconf 83' lang='lat' dir='ltr'><em>Mus.</em></span> <span class='ocrx_word' id='word_1_178' title='bbox 393 1837 445 1866; x_wconf 87' lang='lat'>54,</span> <span class='ocrx_word' id='word_1_179' title='bbox 460 1828 540 1866; x_wconf 71' lang='grc'>536,</span> <span class='ocrx_word' id='word_1_180' title='bbox 617 1835 675 1865; x_wconf 87' lang='lat'>154</span> <span class='ocrx_word' id='word_1_181' title='bbox 695 1831 797 1865; x_wconf 87' lang='lat' dir='ltr'>atque</span> <span class='ocrx_word' id='word_1_182' title='bbox 810 1836 875 1856; x_wconf 86' lang='lat' dir='ltr'>om.</span> <span class='ocrx_word' id='word_1_183' title='bbox 889 1826 923 1856; x_wconf 89' lang='lat' dir='ltr'><em>P</em></span> <span class='ocrx_word' id='word_1_184' title='bbox 992 1836 1051 1865; x_wconf 85' lang='lat'>155</span> <span class='ocrx_word' id='word_1_185' title='bbox 1069 1835 1133 1865; x_wconf 88' lang='lat' dir='ltr'>ego</span> <span class='ocrx_word' id='word_1_186' title='bbox 1147 1836 1212 1856; x_wconf 88' lang='lat' dir='ltr'>om.</span> <span class='ocrx_word' id='word_1_187' title='bbox 1228 1825 1260 1855; x_wconf 89' lang='lat' dir='ltr'><em>P</em></span> <span class='ocrx_word' id='word_1_188' title='bbox 1302 1825 1459 1865; x_wconf 87' lang='lat' dir='ltr'>suspicor</span> <span class='ocrx_word' id='word_1_189' title='bbox 1471 1825 1620 1856; x_wconf 84' lang='lat' dir='ltr'>suisseA</span> 
     </span>
     <span class='ocr_line' id='line_1_31' title="bbox 290 1869 1623 1911; baseline -0.002 -9"><span class='ocrx_word' id='word_1_190' title='bbox 290 1873 411 1911; x_wconf 60' lang='grc'>156--78</span> <span class='ocrx_word' id='word_1_191' title='bbox 443 1881 553 1910; x_wconf 87' lang='lat' dir='ltr'>neque</span> <span class='ocrx_word' id='word_1_192' title='bbox 585 1870 760 1910; x_wconf 78' lang='lat' dir='ltr'>quisquam</span> <span class='ocrx_word' id='word_1_193' title='bbox 793 1869 914 1900; x_wconf 85' lang='lat' dir='ltr'>melius</span> <span class='ocrx_word' id='word_1_194' title='bbox 943 1870 1068 1900; x_wconf 84' lang='lat' dir='ltr'>reseret</span> <span class='ocrx_word' id='word_1_195' title='bbox 1099 1870 1196 1900; x_wconf 87' lang='lat' dir='ltr'>matri</span> <span class='ocrx_word' id='word_1_196' title='bbox 1229 1869 1370 1908; x_wconf 83' lang='lat' dir='ltr'>gratiam</span> <span class='ocrx_word' id='word_1_197' title='bbox 1392 1870 1396 1909; x_wconf 84' lang='grc' dir='ltr'>Ι</span> <span class='ocrx_word' id='word_1_198' title='bbox 1417 1869 1525 1908; x_wconf 87' lang='lat' dir='ltr'>Quam</span> <span class='ocrx_word' id='word_1_199' title='bbox 1558 1879 1623 1909; x_wconf 87' lang='lat' dir='ltr'>ego</span> 
     </span>
     <span class='ocr_line' id='line_1_32' title="bbox 287 1913 1623 1953; baseline -0.002 -7"><span class='ocrx_word' id='word_1_200' title='bbox 287 1926 384 1946; x_wconf 86' lang='lat' dir='ltr'>meae</span> <span class='ocrx_word' id='word_1_201' title='bbox 415 1915 511 1945; x_wconf 86' lang='lat' dir='ltr'>matri</span> <span class='ocrx_word' id='word_1_202' title='bbox 544 1914 654 1945; x_wconf 81' lang='lat' dir='ltr'>resero</span> <span class='ocrx_word' id='word_1_203' title='bbox 688 1914 911 1945; x_wconf 85' lang='lat' dir='ltr'>inuitissimus</span> <span class='ocrx_word' id='word_1_204' title='bbox 943 1914 1002 1944; x_wconf 87' lang='lat' dir='ltr'>A:</span> <span class='ocrx_word' id='word_1_205' title='bbox 1035 1923 1135 1953; x_wconf 91' lang='lat' dir='ltr'>quam</span> <span class='ocrx_word' id='word_1_206' title='bbox 1170 1923 1233 1952; x_wconf 89' lang='lat' dir='ltr'>ego</span> <span class='ocrx_word' id='word_1_207' title='bbox 1262 1913 1361 1944; x_wconf 88' lang='lat' dir='ltr'>matri</span> <span class='ocrx_word' id='word_1_208' title='bbox 1389 1923 1483 1944; x_wconf 89' lang='lat' dir='ltr'>meae</span> <span class='ocrx_word' id='word_1_209' title='bbox 1513 1913 1623 1943; x_wconf 84' lang='lat' dir='ltr'>resero</span> 
     </span>
     <span class='ocr_line' id='line_1_33' title="bbox 287 1955 1627 1999; baseline -0.003 -9"><span class='ocrx_word' id='word_1_210' title='bbox 287 1959 520 1990; x_wconf 81' lang='lat' dir='ltr'>inuitissimus.</span> <span class='ocrx_word' id='word_1_211' title='bbox 544 1957 689 1999; x_wconf 74' lang='lat' dir='ltr'>{Neque</span> <span class='ocrx_word' id='word_1_212' title='bbox 719 1957 848 1989; x_wconf 88' lang='lat' dir='ltr'>rettulit</span> <span class='ocrx_word' id='word_1_213' title='bbox 872 1968 971 1996; x_wconf 88' lang='lat' dir='ltr'>quam</span> <span class='ocrx_word' id='word_1_214' title='bbox 1004 1967 1070 1996; x_wconf 87' lang='lat' dir='ltr'>ego</span> <span class='ocrx_word' id='word_1_215' title='bbox 1100 1957 1210 1988; x_wconf 85' lang='lat' dir='ltr'>resero</span> <span class='ocrx_word' id='word_1_216' title='bbox 1242 1967 1337 1987; x_wconf 89' lang='lat' dir='ltr'>meae</span> <span class='ocrx_word' id='word_1_217' title='bbox 1367 1957 1464 1987; x_wconf 87' lang='lat' dir='ltr'>matri</span> <span class='ocrx_word' id='word_1_218' title='bbox 1491 1956 1568 1987; x_wconf 82' lang='lat' dir='ltr'>sami</span> <span class='ocrx_word' id='word_1_219' title='bbox 1593 1955 1627 1986; x_wconf 99' lang='grc' dir='ltr'><em>Ρ</em></span> 
     </span>
     <span class='ocr_line' id='line_1_34' title="bbox 289 2000 1623 2052; baseline -0.002 -19"><span class='ocrx_word' id='word_1_220' title='bbox 289 2003 367 2052; x_wconf 51' lang='lat' dir='ltr'>(scil.</span> <span class='ocrx_word' id='word_1_221' title='bbox 398 2013 492 2033; x_wconf 78' lang='lat' dir='ltr'>vana</span> <span class='ocrx_word' id='word_1_222' title='bbox 519 2001 604 2033; x_wconf 70' lang='lat' dir='ltr'>lecito</span> <span class='ocrx_word' id='word_1_223' title='bbox 633 2013 745 2033; x_wconf 62' lang='lat' dir='ltr'>vasus</span> <span class='ocrx_word' id='word_1_224' title='bbox 776 2003 836 2040; x_wconf 87' lang='lat'>158</span> <span class='ocrx_word' id='word_1_225' title='bbox 863 2001 1063 2042; x_wconf 71' lang='lat' dir='ltr'>marginalis</span> <span class='ocrx_word' id='word_1_226' title='bbox 1090 2011 1223 2032; x_wconf 84' lang='lat' dir='ltr'>versum</span> <span class='ocrx_word' id='word_1_227' title='bbox 1249 2010 1308 2040; x_wconf 85' lang='lat'>157</span> <span class='ocrx_word' id='word_1_228' title='bbox 1337 2001 1434 2040; x_wconf 67' lang='grc' dir='ltr'>είιτιί)</span> <span class='ocrx_word' id='word_1_229' title='bbox 1458 2000 1509 2040; x_wconf 73' lang='lat' dir='ltr'><em>(ef.</em></span> <span class='ocrx_word' id='word_1_230' title='bbox 1538 2000 1623 2031; x_wconf 80' lang='lat' dir='ltr'>clm-</span> 
     </span>
     <span class='ocr_line' id='line_1_35' title="bbox 289 2044 1627 2086; baseline -0.002 -9"><span class='ocrx_word' id='word_1_231' title='bbox 289 2047 389 2077; x_wconf 72' lang='lat' dir='ltr'>usius</span> <span class='ocrx_word' id='word_1_232' title='bbox 423 2055 464 2086; x_wconf 92' lang='grc'>55</span> <span class='ocrx_word' id='word_1_233' title='bbox 507 2045 668 2077; x_wconf 81' lang='lat' dir='ltr'>‘Plautus</span> <span class='ocrx_word' id='word_1_234' title='bbox 703 2046 738 2076; x_wconf 90' lang='lat' dir='ltr'>in</span> <span class='ocrx_word' id='word_1_235' title='bbox 777 2046 895 2076; x_wconf 86' lang='lat' dir='ltr'>Sticho</span> <span class='ocrx_word' id='word_1_236' title='bbox 928 2044 1007 2075; x_wconf 88' lang='lat' dir='ltr'>fami</span> <span class='ocrx_word' id='word_1_237' title='bbox 1037 2045 1153 2075; x_wconf 90' lang='lat' dir='ltr'>datiuo</span> <span class='ocrx_word' id='word_1_238' title='bbox 1192 2054 1272 2075; x_wconf 85' lang='lat' dir='ltr'>casu</span> <span class='ocrx_word' id='word_1_239' title='bbox 1285 2045 1309 2084; x_wconf 95' lang='lat'>)</span> <span class='ocrx_word' id='word_1_240' title='bbox 1484 2054 1545 2084; x_wconf 86' lang='lat'>159</span> <span class='ocrx_word' id='word_1_241' title='bbox 1576 2044 1627 2075; x_wconf 75' lang='lat' dir='ltr'>zcl</span> 
     </span>
     <span class='ocr_line' id='line_1_36' title="bbox 288 2087 1623 2130; baseline -0.002 -9"><span class='ocrx_word' id='word_1_242' title='bbox 288 2091 384 2121; x_wconf 85' lang='lat' dir='ltr'>illaec</span> <span class='ocrx_word' id='word_1_243' title='bbox 474 2100 527 2120; x_wconf 88' lang='lat' dir='ltr'>me</span> <span class='ocrx_word' id='word_1_244' title='bbox 546 2089 602 2120; x_wconf 88' lang='lat' dir='ltr'>illa</span> <span class='ocrx_word' id='word_1_245' title='bbox 620 2089 663 2130; x_wconf 90' lang='lat' dir='ltr'><em>P</em></span> <span class='ocrx_word' id='word_1_246' title='bbox 665 2089 761 2120; x_wconf 83' lang='lat' dir='ltr'>lades</span> <span class='ocrx_word' id='word_1_247' title='bbox 897 2090 957 2119; x_wconf 83' lang='lat'>162</span> <span class='ocrx_word' id='word_1_248' title='bbox 983 2087 1073 2119; x_wconf 88' lang='lat' dir='ltr'>illam</span> <span class='ocrx_word' id='word_1_249' title='bbox 1098 2088 1227 2128; x_wconf 85' lang='lat' dir='ltr'>cepisst</span> <span class='ocrx_word' id='word_1_250' title='bbox 1250 2087 1284 2118; x_wconf 90' lang='lat' dir='ltr'><em>P</em></span> <span class='ocrx_word' id='word_1_251' title='bbox 1307 2087 1351 2128; x_wconf 86' lang='lat' dir='ltr'>(T</span> <span class='ocrx_word' id='word_1_252' title='bbox 1366 2093 1428 2129; x_wconf 83' lang='lat' dir='ltr'>pro</span> <span class='ocrx_word' id='word_1_253' title='bbox 1445 2087 1489 2125; x_wconf 73' lang='lat' dir='ltr'>E)</span> <span class='ocrx_word' id='word_1_254' title='bbox 1563 2089 1623 2127; x_wconf 86' lang='lat'>163</span> 
     </span>
     <span class='ocr_line' id='line_1_37' title="bbox 290 2132 1624 2175; baseline -0.002 -11"><span class='ocrx_word' id='word_1_255' title='bbox 290 2134 358 2175; x_wconf 86' lang='lat' dir='ltr'>[at]</span> <span class='ocrx_word' id='word_1_256' title='bbox 378 2144 440 2173; x_wconf 86' lang='lat' dir='ltr'>ego</span> <span class='ocrx_word' id='word_1_257' title='bbox 457 2133 490 2164; x_wconf 90' lang='lat' dir='ltr'><em>P</em></span> <span class='ocrx_word' id='word_1_258' title='bbox 505 2134 560 2172; x_wconf 33' lang='lat' dir='ltr'>liv.</span> <span class='ocrx_word' id='word_1_259' title='bbox 581 2134 617 2174; x_wconf 76' lang='lat'>2)</span> <span class='ocrx_word' id='word_1_260' title='bbox 732 2132 816 2174; x_wconf 91' lang='lat' dir='ltr'>non]</span> <span class='ocrx_word' id='word_1_261' title='bbox 843 2143 929 2163; x_wconf 91' lang='lat' dir='ltr'>nunc</span> <span class='ocrx_word' id='word_1_262' title='bbox 953 2132 987 2162; x_wconf 84' lang='lat' dir='ltr'><em>A</em></span> <span class='ocrx_word' id='word_1_263' title='bbox 1078 2138 1196 2172; x_wconf 85' lang='lat' dir='ltr'>gestor</span> <span class='ocrx_word' id='word_1_264' title='bbox 1217 2143 1326 2162; x_wconf 88' lang='lat' dir='ltr'>amem</span> <span class='ocrx_word' id='word_1_265' title='bbox 1346 2132 1379 2162; x_wconf 91' lang='grc' dir='ltr'><em>Ρ</em></span> <span class='ocrx_word' id='word_1_266' title='bbox 1469 2132 1539 2170; x_wconf 82' lang='lat'><strong>165,</strong></span> <span class='ocrx_word' id='word_1_267' title='bbox 1561 2133 1624 2162; x_wconf 87' lang='lat'>166</span> 
     </span>
     <span class='ocr_line' id='line_1_38' title="bbox 289 2175 1623 2217; baseline -0.001 -10"><span class='ocrx_word' id='word_1_268' title='bbox 289 2179 374 2208; x_wconf 68' lang='lat' dir='ltr'>inter</span> <span class='ocrx_word' id='word_1_269' title='bbox 387 2188 415 2209; x_wconf 88' lang='lat' dir='ltr'>v.</span> <span class='ocrx_word' id='word_1_270' title='bbox 438 2180 499 2208; x_wconf 90' lang='lat'>160</span> <span class='ocrx_word' id='word_1_271' title='bbox 514 2181 542 2207; x_wconf 80' lang='lat' dir='ltr'>et</span> <span class='ocrx_word' id='word_1_272' title='bbox 562 2180 616 2207; x_wconf 90' lang='lat'>161</span> <span class='ocrx_word' id='word_1_273' title='bbox 632 2178 733 2217; x_wconf 74' lang='lat' dir='ltr'>positi</span> <span class='ocrx_word' id='word_1_274' title='bbox 745 2178 777 2207; x_wconf 90' lang='lat' dir='ltr'><em>A</em></span> <span class='ocrx_word' id='word_1_275' title='bbox 889 2177 948 2216; x_wconf 87' lang='lat'>165</span> <span class='ocrx_word' id='word_1_276' title='bbox 973 2182 1008 2208; x_wconf 87' lang='lat' dir='ltr'>ut</span> <span class='ocrx_word' id='word_1_277' title='bbox 1026 2177 1088 2207; x_wconf 82' lang='lat' dir='ltr'>teri</span> <span class='ocrx_word' id='word_1_278' title='bbox 1107 2176 1278 2207; x_wconf 81' lang='lat' dir='ltr'>didolores</span> <span class='ocrx_word' id='word_1_279' title='bbox 1296 2175 1328 2206; x_wconf 87' lang='lat' dir='ltr'><em>P</em></span> <span class='ocrx_word' id='word_1_280' title='bbox 1422 2175 1623 2206; x_wconf 85' lang='lat' dir='ltr'>oboriuntur</span> 
     </span>
     <span class='ocr_line' id='line_1_39' title="bbox 290 2218 1622 2261; baseline -0.002 -10"><span class='ocrx_word' id='word_1_281' title='bbox 290 2221 391 2261; x_wconf 48' lang='lat' dir='ltr'>codd„</span> <span class='ocrx_word' id='word_1_282' title='bbox 411 2221 469 2251; x_wconf 80' lang='lat' dir='ltr'>sed</span> <span class='ocrx_word' id='word_1_283' title='bbox 482 2221 618 2252; x_wconf 72' lang='lat' dir='ltr'>dolores</span> <span class='ocrx_word' id='word_1_284' title='bbox 643 2221 685 2251; x_wconf 89' lang='lat' dir='ltr'>mi</span> <span class='ocrx_word' id='word_1_285' title='bbox 712 2220 851 2260; x_wconf 68' lang='lat' dir='ltr'>displicet</span> <span class='ocrx_word' id='word_1_286' title='bbox 940 2226 1019 2260; x_wconf 85' lang='lat' dir='ltr'>quot</span> <span class='ocrx_word' id='word_1_287' title='bbox 1044 2221 1118 2251; x_wconf 87' lang='lat' dir='ltr'>dies</span> <span class='ocrx_word' id='word_1_288' title='bbox 1143 2220 1240 2250; x_wconf 63' lang='lat' dir='ltr'>Goetz</span> <span class='ocrx_word' id='word_1_289' title='bbox 1377 2220 1438 2249; x_wconf 87' lang='lat'>166</span> <span class='ocrx_word' id='word_1_290' title='bbox 1461 2229 1523 2249; x_wconf 88' lang='lat' dir='ltr'>nec</span> <span class='ocrx_word' id='word_1_291' title='bbox 1543 2218 1622 2258; x_wconf 86' lang='lat' dir='ltr'>qnid</span> 
     </span>
     <span class='ocr_line' id='line_1_40' title="bbox 291 2262 1625 2306; baseline -0.002 -10.998"><span class='ocrx_word' id='word_1_292' title='bbox 291 2276 331 2303; x_wconf 73' lang='lat' dir='ltr'>ag</span> <span class='ocrx_word' id='word_1_293' title='bbox 329 2276 387 2295; x_wconf 72' lang='lat' dir='ltr'>nm</span> <span class='ocrx_word' id='word_1_294' title='bbox 407 2265 494 2306; x_wconf 83' lang='lat' dir='ltr'>scio]</span> <span class='ocrx_word' id='word_1_295' title='bbox 515 2265 629 2295; x_wconf 80' lang='lat' dir='ltr'>nescio</span> <span class='ocrx_word' id='word_1_296' title='bbox 646 2265 815 2303; x_wconf 86' lang='lat' dir='ltr'>quomodo</span> <span class='ocrx_word' id='word_1_297' title='bbox 832 2264 866 2294; x_wconf 86' lang='lat' dir='ltr'><em>P</em></span> <span class='ocrx_word' id='word_1_298' title='bbox 1000 2265 1056 2303; x_wconf 89' lang='lat'>167</span> <span class='ocrx_word' id='word_1_299' title='bbox 1075 2264 1223 2294; x_wconf 79' lang='lat' dir='ltr'>auditaui</span> <span class='ocrx_word' id='word_1_300' title='bbox 1241 2263 1294 2294; x_wconf 88' lang='grc' dir='ltr'>Α.</span> <span class='ocrx_word' id='word_1_301' title='bbox 1318 2262 1431 2294; x_wconf 83' lang='lat' dir='ltr'>audiui</span> <span class='ocrx_word' id='word_1_302' title='bbox 1449 2262 1556 2302; x_wconf 75' lang='lat' dir='ltr'>(PCD)</span> <span class='ocrx_word' id='word_1_303' title='bbox 1576 2262 1625 2293; x_wconf 86' lang='lat' dir='ltr'>vel</span> 
     </span>
     <span class='ocr_line' id='line_1_41' title="bbox 291 2306 1621 2350; baseline -0.002 -10.998"><span class='ocrx_word' id='word_1_304' title='bbox 291 2315 347 2339; x_wconf 81' lang='lat' dir='ltr'>aut</span> <span class='ocrx_word' id='word_1_305' title='bbox 365 2309 432 2339; x_wconf 84' lang='lat' dir='ltr'>diui</span> <span class='ocrx_word' id='word_1_306' title='bbox 447 2309 507 2348; x_wconf 78' lang='lat' dir='ltr'>(B)</span> <span class='ocrx_word' id='word_1_307' title='bbox 523 2308 613 2339; x_wconf 40' lang='lat' dir='ltr'>coda</span> <span class='ocrx_word' id='word_1_308' title='bbox 638 2307 782 2350; x_wconf 82' lang='lat' dir='ltr'>(atque)</span> <span class='ocrx_word' id='word_1_309' title='bbox 794 2308 868 2338; x_wconf 83' lang='lat' dir='ltr'>aud.</span> <span class='ocrx_word' id='word_1_310' title='bbox 884 2306 923 2336; x_wconf 78' lang='lat' dir='ltr'>Le</span> <span class='ocrx_word' id='word_1_311' title='bbox 925 2318 970 2337; x_wconf 82' lang='lat'>0.</span> <span class='ocrx_word' id='word_1_312' title='bbox 965 2320 970 2325; x_wconf 93' lang='lat'>·</span> <span class='ocrx_word' id='word_1_313' title='bbox 985 2308 1065 2346; x_wconf 72' lang='lat' dir='ltr'>sot-‚l</span> <span class='ocrx_word' id='word_1_314' title='bbox 1079 2307 1326 2347; x_wconf 76' lang='lat' dir='ltr'>iuditauine(1&#39;.</span> <span class='ocrx_word' id='word_1_315' title='bbox 1340 2317 1364 2337; x_wconf 81' lang='lat' dir='ltr'>e.</span> <span class='ocrx_word' id='word_1_316' title='bbox 1386 2316 1499 2337; x_wconf 87' lang='lat' dir='ltr'>nonne</span> <span class='ocrx_word' id='word_1_317' title='bbox 1515 2306 1591 2337; x_wconf 87' lang='lat' dir='ltr'>aud.</span> <span class='ocrx_word' id='word_1_318' title='bbox 1597 2308 1621 2342; x_wconf 58' lang='lat' dir='ltr'>J,</span> 
     </span>
     <span class='ocr_line' id='line_1_42' title="bbox 291 2349 1626 2393; baseline -0.002 -10"><span class='ocrx_word' id='word_1_319' title='bbox 291 2352 347 2384; x_wconf 83' lang='lat' dir='ltr'>scd</span> <span class='ocrx_word' id='word_1_320' title='bbox 356 2352 425 2384; x_wconf 70' lang='lat' dir='ltr'>vxde</span> <span class='ocrx_word' id='word_1_321' title='bbox 436 2363 474 2383; x_wconf 83' lang='lat' dir='ltr'>ne</span> <span class='ocrx_word' id='word_1_322' title='bbox 487 2352 640 2393; x_wconf 71' lang='lat' dir='ltr'>exglossa</span> <span class='ocrx_word' id='word_1_323' title='bbox 651 2352 764 2383; x_wconf 84' lang='lat' dir='ltr'>audiui</span> <span class='ocrx_word' id='word_1_324' title='bbox 782 2362 885 2391; x_wconf 84' lang='lat' dir='ltr'>saepe</span> <span class='ocrx_word' id='word_1_325' title='bbox 896 2357 958 2392; x_wconf 76' lang='lat' dir='ltr'>pm</span> <span class='ocrx_word' id='word_1_326' title='bbox 974 2351 1124 2382; x_wconf 82' lang='lat' dir='ltr'>auditaui</span> <span class='ocrx_word' id='word_1_327' title='bbox 1141 2361 1233 2381; x_wconf 74' lang='lat' dir='ltr'><em>frror</em></span> <span class='ocrx_word' id='word_1_328' title='bbox 1246 2354 1338 2381; x_wconf 70' lang='lat' dir='ltr'>onus</span> <span class='ocrx_word' id='word_1_329' title='bbox 1348 2351 1391 2381; x_wconf 68' lang='lat' dir='ltr'>snt</span> <span class='ocrx_word' id='word_1_330' title='bbox 1449 2350 1539 2390; x_wconf 86' lang='lat' dir='ltr'>169h</span> <span class='ocrx_word' id='word_1_331' title='bbox 1543 2360 1581 2380; x_wconf 84' lang='lat' dir='ltr'>ac</span> <span class='ocrx_word' id='word_1_332' title='bbox 1593 2349 1626 2380; x_wconf 84' lang='lat' dir='ltr'><em>P</em></span> 
     </span>
    </p>
   </div>
   <div class='ocr_carea' id='block_1_11' title="bbox 1641 251 1706 287">
    <p class='ocr_par' dir='ltr' id='par_1_18' title="bbox 1641 251 1706 287">
     <span class='ocr_line' id='line_1_43' title="bbox 1641 251 1706 287; baseline -0.015 -10"><span class='ocrx_word' id='word_1_333' title='bbox 1641 251 1706 287; x_wconf 82' lang='lat'>150</span> 
     </span>
    </p>
   </div>
   <div class='ocr_carea' id='block_1_12' title="bbox 1644 702 1705 739">
    <p class='ocr_par' dir='ltr' id='par_1_19' title="bbox 1644 702 1705 739">
     <span class='ocr_line' id='line_1_44' title="bbox 1644 702 1705 739; baseline -0.016 0"><span class='ocrx_word' id='word_1_334' title='bbox 1644 702 1705 739; x_wconf 83' lang='grc' dir='ltr'>Ι55</span> 
     </span>
    </p>
   </div>
   <div class='ocr_carea' id='block_1_13' title="bbox 1641 895 1726 935">
    <p class='ocr_par' dir='ltr' id='par_1_20' title="bbox 1641 895 1726 935">
     <span class='ocr_line' id='line_1_45' title="bbox 1641 895 1726 935; baseline -0.024 0"><span class='ocrx_word' id='word_1_335' title='bbox 1641 895 1726 935; x_wconf 75' lang='lat'>157³</span> 
     </span>
    </p>
   </div>
   <div class='ocr_carea' id='block_1_14' title="bbox 1645 1089 1712 1123">
    <p class='ocr_par' dir='ltr' id='par_1_21' title="bbox 1645 1089 1712 1123">
     <span class='ocr_line' id='line_1_46' title="bbox 1645 1089 1712 1123; baseline 0 0"><span class='ocrx_word' id='word_1_336' title='bbox 1645 1089 1712 1123; x_wconf 88' lang='lat'>160</span> 
     </span>
    </p>
   </div>
   <div class='ocr_carea' id='block_1_15' title="bbox 1642 1419 1703 1465">
    <p class='ocr_par' dir='ltr' id='par_1_22' title="bbox 1642 1419 1703 1465">
     <span class='ocr_line' id='line_1_47' title="bbox 1642 1419 1703 1465; baseline 0.016 -11"><span class='ocrx_word' id='word_1_337' title='bbox 1642 1419 1703 1465; x_wconf 84' lang='lat'>165</span> 
     </span>
    </p>
   </div>
  </div>
 </body>
</html>
