1747 2740
189 118 220 157 Ι.
242 117 271 156 ii
648 119 693 155 T.
728 117 909 157 MACCI
942 117 1146 155 PLAVTI

243 229 454 275 exorando,
477 229 584 267 haud
605 228 858 267 aduorsando
879 228 1114 266 sumendam
1137 239 1298 277 operam
1318 239 1486 266 censeo:
1596 238 1642 273 70

243 293 406 344 gratiam
428 307 495 345 per
516 293 546 332 si
569 293 751 344 petimus,
775 306 890 343 spero
909 293 961 331 ab
983 306 1031 331 eo
1052 294 1324 343 impetrassere
1340 308 1350 341 3

188 372 223 404 15
244 359 445 398 aduorsari
468 359 551 397 sirie
572 360 770 397 dedecore
790 366 829 397 et
849 360 996 397 scelere
1017 372 1175 396 summo
1196 359 1273 396 hau
1295 372 1518 409 possumus,

246 438 376 475 neque
412 424 599 474 equidem
635 423 675 463 id
710 425 859 463 factura
893 437 1022 474 neque
1062 431 1103 462 tu
1139 431 1181 462 ut
1217 423 1334 463 facias
1369 424 1579 463 consilium

1459 489 1576 536 dabo,

245 568 382 594 uerum
404 562 446 593 ut
466 567 683 593 exoremus.
744 553 838 592 noui
860 566 934 604 ego
954 560 1134 592 nostros:
1170 553 1416 593 exorabilest.

244 622 323 660 AN.
356 619 594 672 principium
621 632 695 670 ego
723 632 803 670 quo
830 627 947 670 pacto
968 632 1059 658 cum
1081 618 1155 657 illis
1177 619 1383 670 occipiam,
1407 619 1447 658 id
1467 619 1580 658 ratio·
1598 629 1641 667 75

1445 684 1579 724 cinor:

246 757 376 789 utrum
398 763 471 800 ego
492 750 707 801 perplexim
729 751 919 789 lacessam
941 749 1120 789 oratione
1140 751 1191 789 ad
1212 751 1319 789 hunc
1347 750 1522 797 modum,

188 830 228 852 20
246 816 358 867 quasi
383 829 603 866 numquam
631 815 844 867 quicquam
873 816 975 855 adeo
1002 815 1249 863 adsimulem,
1279 829 1329 854 an
1350 815 1462 866 quasi
1483 815 1580 866 quid

1289 880 1580 920 indaudiuerim

245 960 311 986 eas
332 946 372 985 in
393 960 435 986 se
457 946 644 986 meruisse
665 947 823 997 culpam
844 961 850 984 :
881 960 931 985 an
953 945 1084 997 potius
1106 954 1297 997 temptem
1319 946 1458 986 leniter

245 1026 295 1051 an
316 1012 530 1051 minaciter.
591 1012 672 1051 scio
693 1012 769 1050 litis
791 1013 872 1050 fore
893 1012 984 1062 (ego
1006 1025 1113 1050 meas
1134 1012 1229 1051 noui
1250 1012 1432 1064 optume)

246 1078 277 1117 si
299 1091 457 1117 manere
479 1077 542 1116 hic
563 1090 648 1115 sese
670 1077 807 1115 malint
827 1076 958 1127 potius
979 1090 1098 1127 quam
1120 1077 1198 1116 alio
1219 1078 1379 1117 nubere.
1600 1080 1647 1115 80

247 1157 328 1182 non
350 1143 502 1182 faciam.
562 1142 658 1193 quid
680 1142 776 1180 mihi
798 1150 915 1192 opust
930 1143 1098 1181 decurso
1119 1143 1258 1181 aetatis
1275 1143 1402 1193 spatio
1418 1156 1509 1183 cum
1526 1143 1582 1182 eis

189 1224 228 1257 25
247 1222 379 1260 gerere
407 1209 567 1255 bellum,
591 1221 712 1258 quom
742 1207 795 1245 nil
823 1220 942 1257 quam
974 1208 1026 1245 ob
1057 1221 1137 1246 rem
1166 1207 1206 1246 id
1228 1208 1369 1247 faciam
1395 1208 1584 1248 meruisse

1385 1274 1551 1314 arbitror
1567 1276 1584 1314 Ρ

247 1339 422 1387 minime,
445 1340 539 1377 nolo
560 1339 704 1386 turbas,
728 1339 797 1377 sed
820 1339 896 1377 hoc
917 1338 1013 1376 mihi
1035 1346 1244 1388 optumum
1267 1341 1371 1378 factu
1391 1340 1557 1379 arbitror
1575 1355 1583 1378 ε

248 1405 303 1444 sic
334 1405 501 1443 faciam:
531 1403 781 1443 adsimulabo
809 1403 919 1454 quasi
945 1417 1065 1454 quam
1095 1406 1251 1455 culpam
1280 1405 1319 1444 in
1347 1419 1433 1445 sese
1460 1405 1584 1444 admi-

1449 1470 1578 1510 serint.

248 1535 561 1588 perplexabiliter
581 1549 713 1574 earum
736 1535 856 1574 hodie
878 1535 1192 1585 perpauesaciam
1214 1544 1398 1587 pectora;
1601 1543 1643 1587 85

247 1601 379 1654 postid
411 1615 523 1651 agam
556 1600 671 1651 igitur
706 1600 852 1640 deinde
888 1609 930 1639 ut
970 1601 1127 1640 animus
1168 1616 1279 1641 meus
1317 1602 1399 1651 erit,
1440 1602 1581 1641 faciam

1070 1676 1072 1678 ’
1437 1670 1579 1719 palam.

189 1748 232 1780 30
250 1734 373 1771 multa
398 1732 480 1770 scio
502 1733 684 1770 faciunda
706 1732 836 1770 uerba.
898 1733 964 1771 ibo
987 1733 1099 1772 intro.
1160 1735 1230 1772 sed
1251 1742 1420 1785 apertast
1441 1734 1543 1773 foris.

251 1800 356 1837 PAM.
407 1804 514 1837 certo
561 1797 667 1836 enim
730 1797 826 1836 mihi
890 1806 1076 1849 paternae
1124 1799 1234 1839 uocis
1282 1800 1434 1839 sonitus
1480 1799 1583 1839 auris

1427 1865 1582 1905 accidit.

295 1968 402 2008 70·83
435 1968 479 1999 sic
510 1968 642 1999 collocat
666 1969 705 2005 P,
732 1970 828 2009 80-3,
859 1980 954 2010 75-9,
982 1980 1067 2010 70—4
1218 1981 1255 2011 71
1282 1971 1360 2013 per]
1390 1982 1409 2002 a
1438 1977 1534 2012 patre
1555 1971 1589 2002 Ρ

251 2012 323 2051 (vii,
344 2023 376 2052 p.
393 2012 474 2051 993:
502 2023 564 2052 per
583 2014 805 2054 postpositmn
826 2014 876 2053 [cf.
899 2015 1096 2054 parumper)
1123 2017 1233 2045 tuetur
1253 2014 1319 2046 Leo
1337 2015 1472 2056 (Nar-lm
1496 2015 1580 2048 Gott.

253 2055 324 2087 Ges.
349 2057 441 2095 1895,
462 2066 492 2095 p.
510 2057 589 2095 418)
682 2058 827 2097 petimus
846 2068 890 2088 an
904 2062 1058 2098 petemus
1071 2058 1173 2089 incert.
1194 2059 1226 2088 A
1352 2069 1390 2098 72
1406 2059 1582 2090 aduersari

251 2100 343 2141 sinc]
362 2101 564 2131 aduersariis
583 2102 615 2131 in
632 2101 665 2132 P
801 2111 841 2140 73
866 2102 1023 2141 equidem
1042 2103 1074 2133 id
1092 2101 1221 2133 factura
1247 2103 1350 2135 Brix:
1378 2103 1535 2143 equidem
1554 2104 1582 2135 is

252 2144 276 2183 (ἓ
292 2146 344 2179 οε)
364 2144 492 2175 factura
509 2144 541 2174 A
561 2156 567 2175 :
596 2155 659 2185 ego
678 2144 806 2176 factura
823 2155 897 2176 sum
922 2145 954 2176 P
969 2147 1065 2185 (ipro
1079 2156 1107 2177 e.
1125 2146 1145 2177 s.
1158 2145 1234 2187 (id)
1250 2147 1340 2177 sumN
1423 2146 1475 2188 tu]
1494 2151 1528 2177 te
1544 2147 1578 2177 A

252 2197 292 2227 75
317 2197 391 2218 cum
410 2188 490 2229 illis]
511 2188 558 2218 illi
574 2189 606 2219 A
628 2191 711 2229 (pro
730 2189 796 2220 illic
811 2191 836 2225 ’,2)
854 2200 861 2219 t
885 2200 958 2219 cum
979 2190 1006 2219 is
1024 2189 1067 2220 illi
1085 2189 1197 2220 Havzt
1214 2189 1306 2225 gRev.
1327 2189 1412 2221 Phil.
1431 2191 1482 2226 28,
1503 2193 1580 2229 2715

252 2232 294 2270 76
324 2232 512 2263 orationem
537 2233 601 2264 cod.
631 2232 776 2264 Charisii
799 2242 873 2271 213,
901 2232 988 2263 codd.
1015 2233 1118 2263 Nonii
1139 2243 1203 2273 515
1336 2244 1375 2273 77
1406 2244 1438 2273 q.
1464 2234 1497 2264 in
1523 2244 1581 2265 eas

251 2276 402 2306 simulem
423 2275 455 2306 P
542 2287 585 2307 an
603 2276 700 2315 quasi
717 2277 814 2318 quid]
832 2277 924 2316 quasi
943 2277 1025 2306 nihil
1046 2277 1079 2307 P
1233 2287 1274 2316 79
1296 2277 1375 2308 litus
1392 2277 1524 2318 mitiis)
1544 2278 1577 2308 A

250 2319 288 2349 81
316 2319 365 2350 vel
381 2320 424 2349 mi
493 2320 575 2350 meis
593 2319 724 2350 Loman
843 2321 884 2351 82
908 2320 1026 2361 quom]
1046 2331 1143 2360 quam
1162 2320 1194 2350 A
1265 2321 1297 2351 id
1311 2331 1377 2353 om.
1389 2320 1421 2351 P
1537 2323 1579 2360 84

251 2363 464 2394 adsemulabo
485 2364 516 2394 Β
648 2374 746 2403 quam
775 2364 922 2395 Ritschl:
954 2374 1053 2403 quom
1076 2364 1129 2395 A:
1165 2364 1308 2403 aliquam
1329 2364 1364 2395 P
1491 2375 1528 2396 se
1544 2365 1578 2395 A

250 2406 294 2436 86
317 2417 430 2438 vrrsus
453 2408 509 2437 wli·
521 2407 681 2447 strendus
785 2413 859 2447 post
882 2408 912 2438 id
936 2409 953 2439 i.
977 2407 1048 2443 adel.
1069 2410 1183 2446 agaml
1203 2408 1351 2438 Ritschl:
1383 2409 1537 2448 postidea
1556 2409 1576 2441 i.

251 2449 360 2491 Bergk
375 2462 419 2482 cm
437 2449 518 2493 (ut)
542 2451 585 2483 ss?
686 2456 796 2492 patam
814 2450 847 2481 P
975 2452 1015 2491 87
1042 2451 1155 2492 mulpa
1170 2451 1203 2482 A
