1747 2740
95 389 164 428 530

95 715 159 754 535

92 1108 160 1144 540

91 1432 155 1470 545

739 135 966 173 RVDENS
1464 135 1516 172 II.
1541 135 1586 171 vi

291 261 383 286 cum
404 246 649 285 uestimentis
671 253 881 296 postquam
902 258 972 294 aps
994 253 1031 283 te
1051 245 1141 291 abii,
1163 247 1287 295 algeo.

292 314 370 352 CH.
403 327 452 351 ne
474 311 780 361 thermopolium
802 310 964 361 quidem
988 312 1111 348 ullum
1139 310 1143 360 1
1172 311 1336 358 instruit,
1539 328 1582 359 45

291 377 344 416 ita
364 379 505 415 salsam
527 376 731 426 praehibet
752 376 955 426 potionem
979 383 1016 414 et
1037 375 1228 425 frigidam.

292 445 362 482 LA.
396 451 437 481 ut
458 442 642 481 fortunati
665 450 755 480 sunt
776 441 872 480 fabri
895 441 1038 480 ferrarii

289 508 357 560 qui
377 509 484 559 apud
505 509 696 547 carbones
717 507 901 546 adsident
919 510 926 545 !
957 520 1112 557 semper
1133 509 1275 546 calent.

289 575 368 614 CH.
400 573 550 612 utinam
572 575 728 611 fortuna
748 586 854 611 nunc
875 572 1035 611 anetina
1061 572 1065 624 1
1092 581 1229 619 uterer,

290 647 333 678 ut
353 652 474 690 quom
496 638 675 677 exiissem
703 638 707 689 Ι
735 652 781 677 ex
801 651 915 688 aqua,
938 651 1086 677 arerem
1110 646 1254 676 tamen.
1540 651 1582 681 50

291 706 361 742 LA.
393 703 489 754 quid
511 703 542 741 si
563 703 697 753 aliquo
717 705 768 742 ad
790 704 906 742 ludos
927 716 990 741 me
1011 716 1082 753 pro
1104 704 1305 741 manduco
1329 706 1488 742 locem?

289 771 367 809 Cu.
400 770 668 820 quapropter?
726 770 795 806 LA.
829 768 922 818 quia
943 770 1009 819 pol
1030 770 1132 807 clare
1151 768 1301 818 crepito
1317 769 1514 807 dentibus,

289 835 366 873 CH.
400 834 481 872 iure
502 841 669 884 optumo
690 847 753 871 me
774 833 966 874 †lauisse†
988 833 1162 871 arbitror.

289 900 360 937 LA.
405 899 503 950 qui?
587 900 664 939 CH.
708 898 801 949 quia
840 900 844 950 1
885 900 1072 937 auderem
1113 906 1242 937 tecum
1288 898 1327 936 in
1373 913 1516 938 nauem

1289 965 1514 1011 ascendere,

287 1030 354 1081 qui
375 1043 397 1068 a
418 1031 679 1068 fundamento
700 1029 753 1067 mi
774 1043 900 1079 usque
922 1029 1080 1068 mouisti
1102 1043 1218 1067 mare.
1538 1042 1576 1073 55

288 1097 358 1134 LA.
391 1095 461 1134 tibi
481 1094 712 1140 auscultaui‚
735 1103 776 1133 tu
798 1095 1056 1145 promittebas
1078 1095 1172 1132 mihi

286 1160 340 1199 illi
361 1174 447 1199 esse
467 1168 675 1211 quaestum
697 1174 928 1199 maxumum
950 1160 1232 1208 meretricibus,

286 1226 341 1264 ibi
362 1239 425 1265 me
445 1239 635 1265 conruere
656 1239 773 1276 posse
793 1226 927 1264 aiebas
948 1225 1074 1264 ditias.

286 1292 364 1331 CH.
397 1291 475 1330 iam
496 1292 726 1342 postulabas
748 1300 797 1339 te,
820 1291 1001 1341 inpurata
1022 1293 1148 1338 belua,

285 1364 410 1396 totam
431 1356 603 1396 Siciliam
625 1345 906 1396 deuoraturum
929 1357 1127 1396 insulam?
1533 1359 1576 1391 60

286 1423 357 1461 LA.
389 1435 586 1473 quaenam
608 1423 789 1461 ballaena
809 1424 942 1461 me'um
964 1423 1118 1461 uorauit
1140 1423 1332 1471 uidulum,

283 1501 421 1527 aurum
442 1496 562 1539 atque
582 1496 788 1539 argentum
810 1488 878 1526 ubi
900 1501 1019 1527 omne
1040 1497 1294 1538 compactum
1316 1489 1386 1527 fuit
1404 1491 1420 1527 ?

283 1554 361 1594 CH.
394 1554 534 1593 eadem
556 1553 631 1601 illa,
654 1555 785 1601 eredo,
809 1567 911 1604 quae
933 1568 1066 1592 meum
1088 1554 1371 1605 marsuppium,

282 1621 391 1670 quod
412 1621 574 1670 plenum
595 1619 744 1670 argenti
765 1618 837 1657 fuit
858 1618 898 1656 in
920 1619 1144 1669 sacciperio.

286 1686 355 1722 LA.
379 1686 499 1723 eheu!
530 1685 711 1723 redactus
728 1698 816 1723 sum
833 1698 959 1734 usque
972 1686 1023 1723 ad
1039 1698 1157 1722 unam
1175 1686 1278 1722 hanc
1295 1684 1511 1724 tuniculam
1532 1691 1572 1731 65

283 1759 321 1789 et
342 1751 393 1789 ad
414 1752 491 1789 hoc
512 1750 709 1789 misellum
730 1750 904 1801 pallium.
964 1749 1060 1801 perii
1081 1749 1254 1800 oppido!

284 1817 361 1855 CH.
395 1817 457 1854 uel
478 1815 707 1854 consociare
727 1815 824 1854 mihi
845 1815 1007 1866 quidem
1029 1823 1161 1854 tecum
1182 1815 1296 1854 licet:

280 1895 427 1932 aequas
448 1882 641 1921 habemus
661 1881 790 1932 partis.
852 1883 924 1920 LA.
956 1883 1094 1920 saltem
1117 1880 1148 1919 si
1170 1880 1265 1918 mihi

281 1947 534 1986 mulierculae
554 1955 685 1986 essent
706 1948 849 1994 saluae,
873 1960 962 1997 spes
983 1946 1138 1997 aliquae
1160 1948 1297 1985 forent.

215 2053 279 2093 528
304 2052 414 2091 Quom
440 2052 473 2082 A
500 2052 654 2092 (antiqua
668 2051 800 2090 formai
893 2052 1040 2090 al-algeo
1063 2051 1207 2091 Seyffert,
1235 2052 1295 2090 qui
1308 2051 1436 2090 passim
1461 2051 1512 2081 hic

171 2096 280 2127 dentes
294 2098 483 2137 crepitantes
491 2095 633 2135 syllabas
648 2096 817 2136 explevisse
826 2096 1017 2136 suspicatur.
1060 2095 1118 2126 sed
1125 2106 1185 2135 aps
1200 2098 1232 2125 te'
1244 2095 1309 2125 abii
1322 2095 1403 2124 satis
1409 2094 1510 2135 placet

171 2150 236 2180 529
252 2141 302 2172 vel
318 2140 445 2171 nullum
538 2139 589 2171 vel
605 2140 792 2170 in-instruit
811 2140 863 2180 (cf.
883 2139 971 2170 adv.
997 2139 1076 2177 528)
1213 2148 1276 2178 533
1300 2139 1356 2168 vix
1370 2138 1508 2169 anatina

171 2185 221 2214 vel
235 2189 401 2215 [it-uterer
420 2184 467 2223 scs.
487 2184 570 2214 adv.
587 2184 667 2223 528)
802 2193 866 2222 534
890 2183 940 2214 vel
957 2183 1002 2213 uti
1019 2194 1119 2222 quorn
1138 2183 1319 2213 exiuissem
1410 2182 1459 2211 vel
1474 2188 1507 2212 ut

171 2238 272 2267 quom
290 2228 438 2258 exissem
458 2229 517 2266 kita
541 2226 648 2266 codd.)
669 2238 713 2257 ex
730 2237 980 2266 aqu-aqu-aqua
997 2236 1184 2257 air-arerem
1203 2232 1224 2257 t.
1241 2227 1292 2266 (cf.
1313 2225 1360 2256 ad
1374 2236 1400 2257 v.
1425 2226 1505 2264 528)

171 2281 234 2311 535
258 2272 307 2302 vd
320 2271 385 2301 dele
403 2272 461 2303 LA.
577 2271 642 2310 536
664 2269 748 2310 Cu]
768 2270 817 2301 vel
833 2271 892 2301 LA.
988 2269 1066 2310 Lm]
1087 2270 1135 2301 vel
1149 2271 1214 2302 Cri.
1322 2281 1384 2309 537
1412 2269 1505 2300 la-la-

171 2314 297 2346 lauisse
309 2314 445 2354 Seyffert
457 2314 512 2354 (cf.
525 2314 609 2345 adv.
625 2315 705 2355 528)
722 2325 729 2345 ε
754 2314 899 2345 elauisse
915 2314 1089 2344 Fleckeisen
1181 2315 1245 2353 538
1269 2314 1362 2354 quia]
1378 2313 1433 2353 qui
1449 2314 1480 2342 A
1498 2325 1504 2343 :

170 2359 381 2398 velqui-quia
400 2360 453 2398 (cf.
470 2357 558 2389 adv.
572 2359 652 2397 528)
743 2358 794 2388 vel
807 2358 979 2388 auiderem
999 2359 1054 2399 (cf
1075 2357 1213 2388 Skutsch
1231 2359 1263 2388 in
1281 2357 1409 2388 Satura
1430 2357 1503 2387 Via-

171 2401 278 2440 drina,
297 2412 327 2442 p.
348 2403 404 2442 24)
507 2411 570 2441 544
595 2402 849 2432 deuortaturum
867 2401 900 2431 Ρ
916 2408 1008 2444 incorr.
1026 2401 1090 2443 5²¹>
1197 2411 1255 2440 551
1287 2401 1457 2432 consciare
1476 2400 1508 2431 Ρ
