1747 2740
125 1012 169 1037 10

124 1336 163 1372 15

121 1665 166 1690 20

670 274 1056 324 PROLOGVS

297 412 534 461 Perparuam
557 417 708 460 partem
731 410 905 459 postulat
928 410 1088 447 Plautus
1109 408 1186 447 loci

296 477 347 514 de
368 475 510 514 uostris
533 475 684 525 magnis
706 482 826 524 atque
847 473 1026 512 amoenis
1049 473 1269 521 moenibus,

295 542 475 579 Athenas
497 554 578 590 quo
598 540 683 579 sine
703 539 929 579 architectis
951 540 1137 578 conferat.

295 605 392 656 quid
414 607 550 644 nunc?
579 605 737 644 daturin
760 605 852 643 estis
873 618 923 642 an
945 606 1056 642 non?
1085 605 1265 643 adnuont

295 671 465 712 †melior
486 685 549 710 me
570 671 734 722 quidem
756 670 901 710 uobis†
924 684 986 709 me
1006 671 1229 708 ablaturum
1251 670 1336 709 sine
1358 683 1491 719 mora3
1546 685 1565 717 5

294 737 392 788 quid
413 737 444 775 si
465 738 516 776 de
537 744 673 776 uostro
694 736 899 788 quippiam
921 738 1060 774 orem?
1090 736 1280 775 abnuont.

295 815 345 841 eu
365 803 520 841 hercle!
551 802 591 840 in
613 802 728 841 uobis
749 801 922 841 resident
945 814 1073 839 mores
1094 800 1257 852 pristini,

294 869 345 907 ad
366 869 648 918 denegandum
669 876 712 906 ut
732 867 849 906 celeri
872 867 1004 917 lingua
1026 866 1201 905 utamini.

295 935 365 972 sed
387 935 464 972 hoc
484 948 646 983 agamus
667 934 787 984 quoia
808 935 887 972 huc
908 940 1111 972 uentumst
1129 932 1262 983 gratia.

296 999 465 1038 Athenis
486 1003 670 1039 †tracto†
691 998 745 1037 ita
765 1006 808 1037 ut
829 1000 906 1037 hoc
928 1006 985 1037 est
1006 998 1282 1049 proscaenium
1550 1014 1590 1036 10

296 1064 485 1115 tantisper
505 1065 601 1103 dum
623 1063 873 1114 transigimus
895 1064 998 1102 hanc
1019 1063 1281 1102 comoediam.

295 1129 359 1168 hic
380 1129 531 1168 habitat
553 1129 692 1168 mulier
712 1143 860 1168 nomen
883 1130 978 1180 quoi
1000 1137 1057 1168 est
1081 1129 1341 1168 Phronesium
1359 1144 1370 1178 3

294 1197 392 1234 haec
413 1195 543 1234 huiius
564 1195 682 1234 saecli
704 1208 833 1233 mores
855 1194 894 1232 in
916 1208 957 1233 se
978 1194 1155 1245 possidet
1173 1209 1180 1232 z

294 1273 512 1311 numquam
535 1261 585 1299 ab
602 1268 777 1310 amatore
796 1258 902 1312 [suo]
922 1259 1192 1311 postulat—id
1210 1261 1319 1310 quod
1337 1262 1522 1310 datumst,

293 1327 364 1365 sed
385 1325 573 1364 relicuom
595 1326 662 1364 dat
684 1338 954 1375 operam—ne
976 1324 1023 1363 sit
1044 1325 1245 1372 relicuom,
1547 1342 1586 1375 15

293 1392 498 1442 poscendo
519 1399 637 1441 atque
658 1392 887 1438 auferendo,
911 1398 954 1429 ut
976 1404 1062 1429 mos
1083 1398 1142 1429 est
1164 1390 1371 1429 mulierum
1388 1406 1399 1439 3

292 1470 385 1495 nam
406 1470 545 1495 omnes
567 1456 607 1495 id
629 1455 789 1503 faciunt,
814 1469 938 1506 quom
960 1469 1001 1494 se
1022 1455 1143 1494 amari
1165 1456 1407 1506 intellegunt.

293 1536 339 1561 ea
359 1536 400 1561 se
422 1522 620 1573 peperisse
640 1536 807 1573 puerum
828 1522 987 1561 simulat
1009 1522 1132 1570 militi,

294 1601 374 1638 quo
394 1587 508 1626 citius
530 1601 611 1626 rem
633 1588 682 1626 ab
704 1601 752 1627 eo
773 1596 929 1626 auorrat
951 1601 1042 1626 cum
1064 1588 1298 1638 puluisculo.

293 1654 390 1703 quid
411 1655 562 1691 multa?
621 1667 639 1687 21<
699 1666 717 1686 *
777 1653 908 1694 †stuic
929 1661 1086 1704 superet
1108 1654 1300 1695 mulierel·
1545 1669 1586 1691 20

292 1718 477 1759 †hiscum
498 1718 631 1757 anima
650 1720 701 1758 ad
722 1733 813 1758 eum
837 1718 999 1758 habenti
1020 1733 1108 1758 erce
1129 1719 1303 1761 teriturt.

227 1823 373 1864 corrupti
384 1821 527 1853 codr'cmn
544 1822 642 1853 BCD
658 1822 691 1852 z‘n
708 1823 896 1863 lzacsabula
914 1826 1020 1853 textus
1034 1822 1072 1853 id
1075 1822 1182 1862 finisse
1199 1834 1318 1854 causae
1334 1823 1422 1854 credo
1438 1823 1528 1864 quod

183 1868 218 1898 in
235 1866 302 1897 cod.
325 1866 492 1907 arclu‘lypo
519 1877 623 1897 novus
645 1867 747 1897 scriba
773 1868 931 1898 inusitata
948 1866 1107 1897 scm'bendi
1127 1868 1316 1908 compcndt'a
1333 1873 1362 1899 et
1378 1869 1524 1899 insuetas

184 1912 369 1942 litterarum
391 1911 528 1950 formas
553 1910 736 1941 adhibuerit
769 1911 899 1947 (Amer.
931 1911 1055 1949 Journ.
1088 1910 1173 1943 Pln'l.
1206 1922 1254 1951 17.
1289 1914 1367 1951 4425
1462 1923 1520 1952 1—3

183 1959 320 1986 correcta
333 1954 488 1995 praebent
504 1954 667 1994 Apuleius
682 1955 803 1986 Flom'd.
821 1967 851 1994 4,
872 1956 911 1986 18
918 1956 989 1995 fere
1005 1959 1032 1985 el
1049 1955 1241 1986 Pm'scz'anus
1257 1966 1286 1995 2,
1302 1966 1361 1994 421
1458 1967 1469 1986 1
1486 1967 1518 1996 p.

184 2004 289 2030 artem
316 2008 348 2038 p.
376 1999 490 2038 plaudi
515 1998 589 2029 locu
614 1998 679 2030 cod.
787 2010 807 2029 2
833 2000 943 2030 Deum
970 2000 1037 2030 eris
1059 1999 1122 2030 cod.
1146 2001 1221 2041 (pro
1237 2000 1381 2035 desieris,
1400 2001 1420 2031 i.
1436 2011 1460 2031 e.
1480 2001 1522 2030 de

185 2043 323 2083 uestris)
469 2052 488 2080 3
512 2053 539 2073 s.
558 2053 658 2073 arcus
677 2042 778 2082 pletis
795 2043 860 2074 cod.
1006 2054 1026 2081 4
1050 2044 1180 2074 adnunt
1192 2043 1261 2075 cod.
1408 2045 1518 2083 5sort.

185 2088 357 2118 meliorem
371 2086 427 2127 (sc.
441 2086 587 2126 partem)
606 2087 698 2117 urbis
715 2088 851 2126 quidem
943 2087 1130 2118 abiaturum
1144 2087 1211 2119 cod.
1334 2088 1356 2117 6
1378 2098 1436 2118 ore
1448 2087 1521 2117 ΡΟ)

183 2131 336 2162 abduunt
360 2129 425 2161 cod.
578 2141 594 2170 7
620 2141 662 2161 eu
685 2130 846 2171 Spengel:
871 2141 946 2161 eum
972 2130 1037 2161 cod.
1064 2132 1132 2171 (vii.
1150 2132 1185 2170 4)
1290 2132 1386 2162 uobis
1406 2132 1519 2162 Came-

185 2175 317 2206 rarius:
344 2175 453 2205 uodiis
470 2173 535 2205 cod.
559 2176 582 2214 (2
594 2180 656 2214 pro
674 2175 772 2205 uodis
789 2186 796 2209 ς
824 2175 853 2205 D
865 2181 928 2216 pro
946 2175 989 2206 B}
1129 2186 1150 2214 9
1173 2176 1251 2215 quia
1270 2176 1302 2207 h.
1319 2176 1354 2206 D
1371 2187 1377 2206 τ
1401 2186 1467 2215 qua
1485 2176 1516 2207 h.

182 2219 264 2250 BC:
290 2220 354 2249 huc
371 2229 437 2258 qua
455 2218 667 2249 Camerarius
761 2229 800 2249 10
824 2219 941 2249 traicio
957 2218 1082 2249 Selloell
1094 2219 1224 2259 (Rlzcin.
1241 2220 1330 2250 Mas.
1346 2229 1397 2259 55,
1415 2222 1494 2258 495N
1511 2231 1518 2250 :

172 2263 254 2302 sort.
276 2263 443 2293 instructo
538 2272 575 2292 12
599 2263 735 2293 nomine
753 2262 817 2293 cod.
840 2264 913 2302 (pro
931 2268 1042 2301 nome,
1064 2263 1083 2294 i.
1093 2274 1115 2294 e.
1137 2273 1259 2294 nomen
1274 2265 1296 2302 ξ)
1403 2273 1439 2302 14
1457 2273 1518 2294 suo

183 2306 242 2338 del.
263 2306 365 2337 chise
501 2314 539 2345 15
563 2306 623 2336 sed
641 2307 803 2346 reliquam
821 2306 886 2337 cod.
908 2318 914 2337 :
940 2316 1016 2338 corr.
1037 2305 1168 2337 Merula
1321 2317 1359 2346 19
1381 2312 1518 2338 auerrat

188 2350 290 2381 Weise
306 2362 313 2381 ε
337 2350 467 2380 auferat
483 2349 547 2381 cod.
640 2360 683 2381 20
700 2350 875 2381 mulierem
892 2349 966 2379 PCD
1045 2350 1128 2389 sort.
1151 2350 1239 2390 Quid
1260 2351 1362 2381 multa
1378 2354 1387 2381 [²
1404 2350 1518 2393 (uita)

184 2396 211 2426 si
229 2395 306 2425 hu'i'c
323 2400 463 2433 superet
480 2393 543 2433 (vel
556 2393 634 2423 huic
656 2394 841 2433 supererit)
860 2394 991 2424 mulieri
1014 2393 1019 2436 Ι
1038 2394 1185 2429 Viscum,
1201 2395 1344 2433 hamum,
1361 2395 1516 2434 laqueum

185 2439 331 2476 habenti,
351 2437 466 2468 hercle
484 2438 699 2469 exercebitur
715 2438 779 2478 (vel
793 2437 882 2477 hab„
902 2438 1173 2479 exenterabitur)
