1747 2740
185 145 214 183 1.
235 145 266 182 ii
656 144 702 182 T.
736 143 917 183 MACCI
948 143 1153 181 PLAVTI

344 256 408 296 uix
427 269 623 307 aegreque
641 256 905 294 amatorculos
926 254 1162 294 inuenimus.

344 324 448 360 ΑΒΕ.
482 322 535 360 ita
554 329 622 360 est.
683 334 820 359 uerum
841 321 918 359 hoc
937 334 1061 358 unum
1082 328 1214 359 tamen
1236 320 1408 370 cogitato
1426 335 1435 359 :

175 403 217 434 30
291 389 434 426 modus
455 387 641 425 omnibus
662 387 789 433 rebus,
813 400 931 433 soror,
955 388 1164 435 optumum
1185 393 1244 424 est
1264 385 1414 424 habitu.

234 451 357 491 nimia
376 452 511 491 omnia
530 451 695 490 nimium
718 451 905 490 exhibent
925 450 1056 501 negoti
1078 450 1307 489 hominibus
1328 464 1374 489 ex
1395 464 1447 489 se.

343 520 475 557 ANTE.
508 531 630 565 soror,
651 516 790 567 cogita,
812 517 968 563 amabo,
991 516 1085 555 item
1106 530 1178 555 nos
1199 515 1395 566 perhiberi
1589 530 1658 563 240

341 596 461 634 quam
481 582 513 621 si
534 584 635 621 salsa
655 581 859 619 muriatica
879 594 964 620 esse
984 589 1250 629 autumamus,

342 648 426 686 sine
446 647 554 686 omni
576 646 709 697 lepore'
730 654 769 685 et
789 646 874 685 sine
894 646 1086 684 suauitate
1105 661 1113 684 ι

175 730 215 763 35
342 713 416 752 nisi
438 714 560 751 multa
579 725 683 762 aqua
703 725 829 762 usque
850 719 888 749 et
908 711 977 750 diu
998 719 1258 755 macerantur,

394 780 512 825 olent,
536 779 637 816 salsa
657 785 760 825 sunt,
783 784 941 827 tangere
962 784 1004 815 ut
1026 790 1105 815 non
1127 776 1235 815 uelis.

610 843 704 882 item
725 856 798 881 nos
819 855 966 889 sumus,
1587 855 1653 891 245

447 908 544 948 eiius
565 907 725 947 seminis
746 907 928 946 mulieres
949 914 1051 955 sunt,
1587 916 1676 956 245⁸

448 973 619 1013 insulsae
639 974 859 1012 admodum
879 980 998 1022 atque
1014 972 1248 1011 inuenustae

170 1059 216 1093 40
558 1039 641 1078 sine
662 1038 858 1077 munditia
878 1046 916 1076 et
937 1046 1106 1089 sumptu.

344 1108 416 1144 M1.
440 1118 569 1155 coqua
585 1112 643 1143 est
659 1105 757 1142 haec
770 1103 945 1154 quidem,
962 1105 1250 1154 Agorastocles,
1266 1110 1308 1142 ut
1321 1116 1395 1153 ego
1411 1102 1568 1154 opinor:

341 1171 413 1209 scit
434 1170 638 1208 muriatica
658 1177 700 1208 ut
723 1177 904 1208 maceret.
964 1171 1038 1207 AG.
1071 1168 1168 1218 quid
1189 1170 1422 1207 molestu’s?

341 1238 445 1275 ΑΒΕ.
478 1248 597 1282 soror,
619 1248 746 1285 parce,
768 1235 937 1273 amabo:
968 1242 1026 1272 sat
1047 1242 1105 1272 est
1126 1233 1225 1272 istuc
1245 1233 1343 1272 alios
1589 1246 1658 1283 250

233 1301 364 1341 dicere
385 1299 511 1347 nobis,
534 1313 585 1338 ne
605 1307 761 1338 nosmet
783 1299 822 1337 in
844 1306 977 1337 nostra
997 1298 1114 1337 etiam
1137 1299 1232 1337 uitia
1253 1300 1471 1349 loquamur.

171 1381 212 1412 45
450 1367 582 1404 ANTE.
615 1364 788 1415 quiesco.
842 1366 947 1402 ΑΒΕ.
981 1377 1073 1413 ergo
1085 1376 1177 1402 amo
1191 1371 1239 1402 te.
1282 1366 1351 1403 sed
1369 1365 1445 1403 hoc
1459 1378 1569 1405 nunc

649 1430 844 1480 responde
867 1428 963 1467 mihi
981 1444 987 1466 :
1589 1441 1680 1482 ²5²⁸

646 1502 738 1533 sunt
757 1495 822 1533 hic
843 1494 976 1533 omnia

287 1575 388 1613 quae
414 1562 465 1600 ad
493 1562 613 1600 deum
635 1573 774 1611 pacem
797 1568 951 1610 oportet
974 1561 1137 1599 adesse?
1195 1562 1328 1599 ANTE.
1352 1562 1486 1600 omnia
1509 1575 1570 1601 ac-

1422 1629 1566 1667 curaui.

342 1695 416 1731 AG.
441 1692 546 1731 diem
569 1692 778 1742 pulchrum
801 1700 839 1730 et
862 1692 1057 1730 celebrem
1076 1699 1114 1730 et
1136 1692 1353 1730 uenustatis
1374 1694 1548 1742 plenum,
1588 1704 1654 1740 255

341 1758 505 1807 dignum
528 1756 671 1795 Veneri
693 1759 773 1807 pol,
795 1757 888 1807 quoi
912 1765 1001 1795 sunt
1023 1757 1262 1807 Aphrodisia
1283 1758 1413 1796 hodie.

175 1839 215 1871 50
344 1825 416 1861 M1.
449 1822 593 1872 ecquid
614 1821 769 1871 gratiae,
795 1835 917 1871 quom
940 1823 1017 1860 huc
1039 1823 1140 1860 foras
1161 1830 1199 1860 te
1219 1823 1416 1862 euocaui?

478 1887 555 1924 iam
577 1900 671 1924 num
695 1900 757 1925 me
780 1888 893 1925 decet
916 1887 979 1924 hic
1000 1886 1136 1925 donari

342 1955 443 1992 cado
465 1952 544 1991 uini
567 1952 739 1991 ueteris?
771 1952 834 1990 dic
856 1952 948 1991 dari.
1010 1952 1062 1990 nil
1084 1955 1333 2004 respondes?

278 2060 341 2098 236
365 2059 422 2089 uix
440 2059 624 2100 aegreque]
645 2064 680 2090 ut
699 2069 800 2098 aegre
812 2059 900 2090 codd.
920 2059 1021 2090 Nonii
1028 2069 1092 2098 510
1205 2061 1268 2099 238
1292 2061 1348 2091 vix
1363 2066 1568 2100 optumumst

236 2104 392 2143 (2-must)
413 2104 443 2134 h.
472 2109 584 2143 (anap.
603 2103 707 2139 colon)
804 2104 938 2134 modust
956 2114 984 2134 o.
1008 2114 1031 2134 r.
1062 2108 1160 2134 soror
1181 2110 1357 2144 optumum
1376 2105 1407 2135 h.
1430 2104 1571 2146 Spengel

235 2147 352 2185 (bacch.
373 2148 515 2178 ten-anm
665 2157 728 2186 239
753 2147 867 2186 negoti
886 2146 1087 2178 Hermann:
1114 2149 1286 2187 negotium
1303 2148 1367 2180 cod.
1505 2152 1568 2189 246

236 2192 435 2221 inuenustae
457 2190 606 2221 Merula:
635 2190 845 2221 inuenustate
871 2190 959 2221 cod:
990 2192 1203 2222 inuenustate
1224 2191 1409 2234 (onustae)
1429 2191 1567 2229 Schoell,

237 2237 273 2263 ul
289 2235 409 2273 mteaer
419 2237 548 2266 tetram.
555 2235 645 2274 fiat.
670 2235 730 2264 alit
742 2232 1032 2277 ad(modum>que
1058 2236 1259 2266 inuenustae
1282 2236 1331 2266 vel
1344 2235 1568 2278 <inuenuste>

239 2279 435 2308 inuenustae
598 2279 661 2316 248
641 2277 734 2308 8vel
754 2279 854 2317 opino
1031 2289 1095 2317 250
1118 2280 1236 2310 amabo
1252 2279 1325 2310 Ital.
1345 2292 1352 2311 t
1376 2280 1484 2311 amalo
1500 2280 1565 2311 cod

238 2330 296 2359 251
325 2322 423 2351 etiam
450 2321 565 2352 uitiam
590 2321 654 2352 cod.
782 2322 979 2360 eloquamur
998 2322 1068 2358 (dcl.
1098 2323 1146 2354 in
1172 2323 1349 2354 Hennam„
1505 2335 1567 2364 254

237 2365 347 2395 omnia
371 2376 436 2396 om.
463 2363 651 2398 Hermann.
678 2364 788 2397 Bothe.
817 2370 853 2395 ut
867 2366 968 2396 bacch.
988 2367 1194 2405 &tranufiat
1282 2369 1346 2406 256
1369 2367 1418 2398 vel
1434 2368 1568 2399 Venere

240 2418 301 2446 257
327 2409 486 2446 gratiaest
504 2408 630 2438 Rstsdul
748 2411 811 2446 258
837 2410 889 2439 hic
907 2410 1038 2448 scn‘pss:
1065 2410 1140 2440 huic
1156 2414 1191 2439 nt
1207 2409 1268 2440 vid.
1287 2410 1353 2441 cod.
1375 2420 1456 2446 (om.
1476 2410 1567 2451 PBG)

240 2462 304 2494 259
329 2453 409 2482 dare
435 2451 562 2482 Dousa.
574 2453 652 2490 sort.
681 2456 766 2485 rccte.
790 2462 871 2482 nam
889 2453 960 2483 dari
979 2454 1011 2483 in
1033 2464 1125 2483 versu
1143 2453 1305 2486 baccln'aco
1323 2454 1463 2494 de'sple'cd
