1747 2740
85 145 141 185 ΙΙ.

103 662 143 684 20

101 1575 141 1606 30

161 157 191 183 v
577 147 624 184 T.
659 146 840 185 MACCI
873 146 1078 183 PLAVTI

162 257 230 294 PA.
262 255 349 306 quis
370 269 443 306 ego
464 269 549 294 sum
572 256 696 305 igitur,
720 255 751 293 si
779 256 886 293 hunc
913 255 1099 305 ignoras?
1156 257 1231 295 PH.
1264 256 1360 295 mihi
1387 256 1497 296 odio-

1142 334 1218 367 sus,
1242 321 1420 372 quisquis
1440 335 1494 368 eS,

161 394 199 424 ct
234 394 274 424 tu
309 393 347 424 et
381 385 456 424 hic.
516 388 577 424 Sc.
612 399 691 423 non
727 399 799 422 nos
836 384 1010 423 nouisti?
1069 387 1143 423 PH.
1177 394 1369 424 neutrum.
1430 388 1492 426 Sc.

1144 459 1279 489 metuo
1300 465 1493 498 maxume,

162 518 230 554 ΡΑ..
263 515 359 566 quid
381 514 551 554 metuis?
609 518 670 553 Sc.
704 515 809 553 enim
833 529 882 553 ne
903 513 1014 566 (nos)
1031 522 1189 553 nosmet
1209 515 1495 566 perdiderimus

1317 580 1469 631 uspiam
1485 595 1496 629 3

161 660 252 685 narn
275 660 348 685 nec
369 654 406 684 te
427 659 557 696 neque
579 659 642 684 me
663 645 823 684 nouisse
843 645 897 684 ait
924 647 1032 684 haec.
1094 647 1162 683 ΡΑ.
1195 645 1404 696 persectari
1431 646 1495 684 hic
1512 661 1583 696 430

1389 712 1492 758 uolo,

161 779 353 824 Sceledre,
378 790 450 815 nos
472 775 593 814 nostri
614 790 664 814 an
685 775 802 814 alieni
825 775 959 823 simus,
982 790 1033 815 ne
1054 777 1150 815 dum
1172 775 1368 827 quispiam

159 856 232 881 nos
253 842 473 881 uicinorum
495 840 742 892 inprudentis
762 841 904 891 aliquis
926 840 1206 880 immutauerit.

160 909 222 946 Sc.
254 915 358 946 certe
388 906 576 957 equidem
606 913 740 945 noster
769 919 870 944 sum.
930 908 998 944 ΡΑ.
1031 914 1070 945 et
1099 908 1165 957 pol
1197 920 1282 958 ego.
1340 907 1494 958 quaeris

1083 978 1134 1019 tu,
1160 972 1310 1020 mulier,
1333 974 1492 1011 malurn.

160 1037 230 1077 tibi
269 1051 343 1088 ego
382 1037 484 1085 dico,
527 1038 636 1084 heus,
679 1036 1039 1076 Philocomasium!
1113 1039 1187 1075 PH.
1225 1051 1326 1088 quae
1365 1044 1403 1076 te
1441 1037 1495 1076 in-

1124 1102 1338 1154 temperiae
1358 1110 1495 1142 tenent

119 1185 135 1215 5
159 1168 226 1219 qui
244 1182 306 1207 me
327 1182 530 1219 perperam
553 1170 739 1219 perplexo
760 1168 922 1207 nomine
942 1169 1148 1219 appelles?
1206 1170 1273 1206 ΡΑ.
1307 1170 1408 1207 eho!
1514 1182 1580 1219 435

159 1233 246 1284 quis
268 1234 381 1283 igitur
402 1236 573 1273 uocare?
632 1236 704 1272 PH.
741 1233 888 1272 Diceae
909 1247 1057 1272 nomen
1079 1241 1147 1272 est.
1207 1235 1269 1272 Sc.
1300 1233 1479 1281 iniuria’s,

159 1301 299 1338 falsum
320 1313 468 1338 nomen
490 1299 701 1350 possidere,
726 1299 1076 1346 Philocomasium,
1101 1300 1276 1349 postulas
1291 1313 1302 1347 ς

159 1366 280 1406 ἄδικος
300 1378 341 1403 es
363 1373 415 1412 tu,
438 1379 519 1404 non
542 1366 671 1410 δικαία,
696 1372 734 1403 et
756 1378 845 1403 meo
866 1378 933 1403 ero
954 1364 1048 1403 facis
1070 1364 1263 1402 iniuriam.

159 1433 233 1469 PH.
257 1431 412 1481 egone?
479 1433 541 1470 Sc.
574 1430 712 1484 tu<ne>.
773 1432 847 1468 PH.
872 1429 973 1480 quae
994 1429 1076 1468 heri
1098 1429 1267 1468 Athenis
1289 1431 1492 1481 Ephesum

1173 1494 1320 1533 adueni
1340 1495 1493 1546 uesperi

159 1574 250 1599 cum
299 1573 389 1599 meo
436 1566 621 1606 amatore,
671 1560 924 1598 adulescente
968 1558 1233 1597 Atheniensi?
1319 1560 1387 1598 ΡΑ.
1429 1559 1493 1598 dic
1512 1572 1582 1605 440

1385 1624 1492 1671 mihi,

160 1691 256 1742 quid
277 1690 341 1729 hic
362 1690 433 1728 tibi
461 1689 500 1728 in
527 1691 688 1740 Epheso
709 1697 767 1728 est
794 1688 956 1739 negoti?
1014 1690 1088 1726 PH.
1121 1688 1320 1740 geminam
1348 1702 1495 1740 germa-

1252 1768 1344 1792 nam
1365 1768 1494 1794 meam

160 1821 224 1859 hic
262 1834 435 1860 sororem
475 1834 560 1859 esse
598 1819 817 1867 indaudiui,
859 1833 947 1858 eam
986 1819 1078 1858 ueni
1123 1819 1355 1870 quaesitum.
1429 1821 1491 1859 Sc.

1316 1887 1419 1925 mala
1438 1899 1490 1926 es.

162 1954 235 1990 PH.
269 1951 392 1989 immo
412 1958 564 1990 ecastor
585 1953 702 1990 stulta
724 1953 891 1990 multum
913 1965 1015 2002 quae
1036 1951 1244 1991 uobiscum
1266 1952 1425 1991 fabuler.

205 2067 267 2096 427
294 2057 380 2086 hunc
403 2055 564 2096 vaades:
602 2055 672 2096 [tu]
701 2057 789 2086 hunc
821 2055 887 2087 cod.
919 2057 1016 2096 &pro
1043 2057 1132 2087 hunc
1155 2057 1206 2095 tu)
1341 2057 1404 2095 428
1429 2056 1489 2088 ΡΑ.

163 2106 276 2130 metuo
293 2099 427 2129 Ribbeck
449 2103 493 2139 (pet
507 2100 541 2129 in
559 2109 623 2138 429
649 2100 702 2130 Sc.
720 2100 802 2138 quid
823 2125 828 2130 .
849 2125 853 2130 .
873 2124 880 2131 .
902 2099 960 2131 ΡΑ.
981 2100 1089 2133 enimi
1245 2110 1308 2140 429
1332 2109 1395 2131 nos
1415 2099 1492 2132 add.

165 2143 244 2173 Rei:
353 2152 417 2181 430
441 2143 510 2184 hic]
521 2143 602 2183 sort.
627 2144 688 2174 hac
800 2153 858 2182 431
888 2154 931 2174 ne
949 2143 1031 2173 clam
1051 2143 1154 2174 Bothe
1262 2154 1326 2183 433
1349 2153 1493 2182 quaeres

163 2187 231 2218 cod.
365 2188 430 2225 436
455 2187 602 2217 Dicacae
628 2186 771 2227 (Δικαῖᾳᾞ
795 2187 936 2226 Spa‘ngrl
955 2188 1086 2225 gmelr'us
1110 2197 1187 2221 -ce-.
1216 2190 1252 2217 ut
1275 2187 1489 2227 ‘prehendo’

160 2235 222 2270 pro
239 2232 247 2246 ‘
261 2231 456 2269 praebendo
470 2231 477 2241 '
495 2241 501 2265 ;
522 2231 560 2269 (js.
575 2241 602 2261 τ’.
618 2231 716 2270 808>;
738 2230 852 2260 dicere
863 2230 929 2261 cod.
947 2242 954 2261 ι
978 2231 1144 2269 Glycerae
1156 2230 1283 2261 Parcus
1371 2231 1491 2261 iniuria

165 2279 217 2304 est
243 2275 292 2303 (ex
317 2273 380 2304 cod.
408 2274 458 2313 (sfi
478 2274 557 2304 Isid.
593 2278 686 2313 etym.
715 2284 746 2312 5,
765 2276 815 2312 26,
840 2275 893 2310 10)
1068 2275 1132 2312 438
1158 2284 1176 2304 a
1205 2275 1280 2304 dice
1306 2278 1394 2304 testu
1421 2284 1489 2304 non

163 2317 252 2348 dicat
275 2317 305 2346 ei
329 2323 361 2347 ct
377 2317 441 2347 cod.
458 2328 464 2348 :
490 2328 566 2347 corr.
590 2316 730 2357 Spengcl
746 2329 751 2347 :
776 2317 938 2356 Ἀ-γλυκὴε
954 2327 991 2348 cs
1009 2322 1054 2355 tu,
1077 2327 1143 2347 non
1161 2317 1295 2357 ’γλυκεῖα
1312 2322 1345 2347 et
1361 2316 1495 2358 Hasper

165 2360 264 2402 [non]
292 2360 374 2391 facis
396 2359 486 2391 rosh:
512 2371 576 2390 non
602 2361 659 2391 dcl.
684 2361 758 2391 Ital.
902 2370 965 2399 439
990 2371 1032 2391 ne
1057 2360 1132 2391 add.
1161 2359 1285 2390 Ritschl
1425 2371 1490 2399 442

165 2399 311 2435 inaudiui
345 2407 380 2433 11!
410 2403 470 2434 vid.
506 2404 572 2435 cod.
600 2403 660 2435 (Βι
693 2415 723 2434 n.
741 2404 781 2439 l.)
871 2405 970 2434 nenio
1001 2403 1043 2434 Βι
1175 2414 1238 2443 443
1263 2408 1411 2434 etcastor
1441 2403 1486 2435 B'

165 2448 307 2480 sahulem
325 2447 390 2477 cod.
404 2458 407 2474 ‹
419 2448 455 2487 (s,
475 2448 656 2486 371Ms017.
677 2452 752 2478 recle
769 2452 861 2487 (corr.
882 2447 946 2481 13²3
