1747 2740
197 154 256 193 IV
294 155 339 192 vi
709 156 755 193 T.
790 154 972 194 MACCI
1005 155 1211 193 PLAVTI

293 268 365 305 M1.
399 279 480 305 non
506 266 633 314 faciet,
655 264 815 319 (modo)
835 265 987 304 bonum
1007 265 1185 304 animum
1211 265 1326 304 habe.
1386 266 1454 304 Pv.
1483 272 1526 304 ut
1545 264 1630 316 ipsa

1320 344 1362 369 se
1386 330 1629 369 contemnit!

291 399 363 437 Ac.
397 405 531 437 metuo
571 412 620 436 ne
656 396 900 448 praedicatio
940 404 1007 435 tua
1046 410 1153 435 nunc
1193 409 1322 434 meam
1364 395 1530 434 formam
1569 409 1629 434 ex-

1459 468 1625 511 superet.

292 530 365 566 M1.
398 528 498 566 istuc
519 527 664 573 curaui,
688 535 730 565 ut
751 527 942 578 opinione
963 527 1066 565 illius
1087 525 1287 577 pulchrior
1307 525 1369 565 sis.

291 595 363 631 Ac.
395 592 426 631 si
447 594 514 643 pol
535 606 598 631 me
620 593 728 630 nolet
749 592 894 631 ducere'
915 605 1089 638 uxorem,
1112 604 1243 642 genua
1261 592 1476 641 amplectar

231 672 270 704 25
290 665 409 707 atque
429 657 648 707 opsecrabo
665 671 675 704 3
704 656 783 695 alio
804 657 938 703 modo,
962 657 993 694 si
1015 669 1097 695 non
1117 655 1241 706 quibo
1262 655 1481 706 impetrare,
1650 662 1739 696 1240

290 722 534 761 consciscam
556 723 678 760 letum
696 736 703 759 :
733 721 869 760 uiuere
890 721 974 760 sine
996 721 1064 760 illo
1085 721 1167 760 scio
1189 721 1252 759 me'
1273 734 1353 759 non
1374 734 1502 771 posse.

291 789 359 826 Pv.
392 787 682 838 prohibendam
715 795 883 825 mortem
919 786 1073 825 mulieri
1106 785 1236 825 uideo.
1306 785 1487 824 adibon?
1555 787 1624 824 ΡΑ.

1439 851 1627 899 minime;

288 931 380 956 nam
401 925 443 956 tu
464 926 502 956 te
523 917 642 956 uilem
665 917 816 965 feceris,
837 917 869 956 si
889 925 928 956 te
949 919 1051 956 ultro
1071 917 1255 968 largiere:

288 983 372 1021 sine
393 984 494 1021 ultro
514 982 648 1021 ueniat
666 997 675 1030 3
705 982 908 1033 quaeritet,
932 982 1142 1029 desideret,
1164 990 1364 1032 exspectet

226 1065 270 1096 30
288 1047 373 1086 sine
392 1064 398 1086 :
429 1049 592 1098 perdere
613 1048 729 1086 istam
745 1047 910 1098 gloriam
932 1047 991 1086 uis
1013 1047 1132 1098 quam
1149 1047 1296 1086 habes?
1325 1060 1422 1086 caue
1442 1047 1495 1086 sis
1514 1047 1621 1086 faxis.
1647 1054 1733 1092 1245

288 1127 380 1151 nam
402 1112 497 1151 nulli
519 1113 673 1152 mortali
695 1112 778 1151 scio
799 1112 988 1163 optigisse
1008 1113 1085 1151 hoc
1106 1111 1181 1150 nisi
1201 1112 1371 1165 duobus,

287 1177 359 1216 tibi
379 1185 417 1217 et
439 1177 591 1216 Phaoni
614 1178 772 1225 Lesbio,
796 1186 876 1216 tam
898 1177 1038 1217 mulier
1059 1177 1100 1217 se
1120 1185 1163 1216 ut
1182 1185 1341 1217 amaret.

288 1245 361 1282 AC.
408 1256 457 1282 eo
497 1243 612 1291 intro,
653 1257 704 1282 an
743 1252 785 1282 tu
826 1243 947 1282 illunc
986 1256 1131 1282 euocas
1174 1243 1288 1291 foras,
1333 1257 1423 1283 mea
1466 1244 1626 1295 Milphi-

1475 1310 1626 1360 dippa?

289 1376 362 1413 M1.
395 1374 519 1413 immo
541 1374 793 1425 opperiamur
822 1375 919 1413 dum
949 1382 1062 1414 exeat
1090 1374 1242 1426 aliquis.
1302 1377 1377 1414 Ac.
1400 1375 1540 1414 durare
1561 1389 1625 1414 ne-

1519 1454 1624 1491 queo

228 1519 268 1553 35
288 1505 384 1556 quin
406 1519 493 1544 eam
515 1505 628 1544 intro.
690 1507 764 1543 M1.
797 1507 980 1544 occlusae
1005 1514 1096 1544 sunt
1117 1507 1230 1545 fores.
1289 1508 1362 1545 Ac.
1395 1506 1619 1557 ecfringam.
1646 1521 1735 1557 1250

1191 1573 1264 1610 M1.
1297 1585 1392 1610 sana
1412 1585 1493 1610 non
1514 1570 1619 1624 es[t].

285 1638 361 1676 Ac.
393 1636 424 1674 si
443 1636 592 1675 amauit
616 1649 807 1687 umquam
828 1645 895 1675 aut
918 1636 949 1675 si
971 1650 1105 1688 parem
1127 1636 1359 1688 sapientiam
1383 1635 1481 1690 [hic]
1503 1637 1623 1676 habet

1368 1716 1414 1741 ac
1441 1704 1620 1743 sormam.

283 1782 353 1819 per
372 1781 546 1806 amorem
568 1767 599 1806 si
621 1767 717 1818 quid
741 1769 882 1814 fecero,
908 1767 1093 1806 clementi
1113 1766 1214 1820 (hic)
1231 1768 1367 1806 animo
1387 1768 1574 1818 ignoscet.

286 1835 353 1871 ΡΛ.
378 1841 430 1880 ut,
454 1846 614 1883 quaeso,
630 1846 765 1872 amore
790 1833 979 1884 perditast
1001 1842 1038 1872 te
1060 1833 1223 1872 misera!
1273 1835 1340 1872 Px:
1365 1842 1544 1872 mutuom
1566 1835 1619 1872 fit.

286 1899 354 1937 ΡΑ.
387 1907 483 1946 tace,
503 1913 553 1937 ne
572 1899 717 1937 addiat.
783 1901 856 1937 M1.
882 1899 978 1950 quid
999 1899 1154 1938 astitisti
1175 1899 1420 1950 opstupida?
1447 1912 1521 1950 qur
1541 1913 1620 1938 non

1462 1967 1590 2016 pultas
1605 1967 1623 2005 ?

332 2070 415 2108 1236
440 2063 607 2105 modofflss
626 2069 701 2100 add.
726 2071 765 2100 m
783 2069 846 2100 Leo
957 2070 988 2101 h.
1009 2081 1037 2101 a.
1061 2071 1090 2101 b.
1111 2070 1213 2101 Bothe
1384 2079 1464 2108 1242
1489 2070 1618 2101 mulieri

285 2113 385 2143 uideo
405 2114 553 2154 maulim-i
575 2124 676 2144 ‹—rem
696 2113 803 2154 PCDJ]
823 2113 890 2144 cod.
911 2125 917 2144 :
940 2125 1020 2144 corr.
1045 2114 1245 2144 Taubmann
1412 2124 1493 2152 1243
1517 2113 1618 2144 uelim

282 2156 354 2187 cod.
450 2168 530 2196 ¹245
556 2158 642 2193 sine,
660 2168 691 2197 p.
712 2157 798 2188 Leo:
824 2158 898 2188 sino
915 2168 945 2197 p.
961 2159 1075 2188 <sinon
1093 2169 1124 2199 p.
1138 2158 1222 2195 ΡΠ),
1241 2157 1500 2197 summopereB
1525 2157 1592 2188 cod.
1611 2169 1618 2188 :

284 2200 346 2230 nisi
360 2211 390 2240 p.
408 2201 554 2231 Ritsclzl:
580 2201 714 2231 vissin'
735 2202 770 2234 (ι’.
794 2212 823 2240 q.
852 2201 934 2231 nisi)
962 2212 995 2240 p.
1149 2211 1227 2241 1247
1255 2202 1374 2232 mulier
1398 2211 1435 2232 se
1460 2200 1618 2241 Squffcrt:

284 2249 419 2274 muuete
446 2244 553 2283 gPCD)
582 2244 632 2275 vel
645 2246 763 2275 uiuere
782 2244 842 2284 (ΒΧ
860 2244 927 2275 cod.
1082 2245 1166 2283 1248
1192 2246 1268 2276 illuc
1286 2244 1368 2276 coda
1392 2255 1475 2275 corr.
1485 2244 1618 2283 Bentloefv

283 2293 443 2318 euocatus
470 2288 571 2328 (-tum
591 2287 682 2327 PCD)
711 2287 798 2319 cod.:
833 2299 912 2319 corr.
938 2287 1072 2328 Styffivffl
1152 2294 1209 2319 aut
1238 2294 1273 2320 tu
1299 2289 1389 2319 illum
1417 2289 1483 2319 huc
1511 2299 1616 2318 euoca

283 2330 457 2361 Fleckm'sen
625 2341 707 2369 1250
731 2341 805 2361 eam
836 2331 1044 2361 Sama-uus:
1084 2333 1186 2362 etiam
1225 2332 1293 2362 cod.
1410 2342 1448 2362 es
1479 2331 1618 2371 vaadcs

289 2384 365 2413 1251
393 2375 420 2404 si
432 2375 555 2405 amauit
573 2375 803 2406 Camerarius:
829 2374 1076 2406 sinullauitcod.
1170 2376 1223 2406 hic
1240 2375 1298 2406 del.
1310 2375 1440 2416 Benllqs·
1454 2376 1502 2415 (ff
1519 2377 1615 2414 1252)

288 2428 370 2456 1252
395 2418 446 2448 hic
467 2417 581 2448 addidi
597 2420 649 2448 (ex
669 2429 698 2449 v.
723 2419 820 2459 1251)
927 2419 1078 2458 ignoscet
1098 2419 1210 2449 animo
1231 2419 1309 2449 Rei:
1460 2428 1542 2460 1253
1565 2419 1616 2462 te]

284 2467 342 2495 tuo
359 2460 425 2492 Leo
441 2473 446 2492 :
464 2473 532 2492 om.
551 2461 623 2492 pet>
