1747 2740
666 118 1072 157 MOSTELLARIA

189 230 397 281 tranquille
417 238 560 269 cuncta
581 238 619 270 et
640 238 681 269 ut
703 230 939 280 proueniant
961 231 1044 268 sine
1066 232 1182 279 malo,

100 305 167 342 415
189 296 229 334 ni
249 296 345 346 quid
367 296 537 347 potiatur
557 310 675 347 quam
697 297 750 335 ob
772 310 852 335 rem
875 296 1004 347 pigeat
1025 296 1168 336 uiuere.

188 361 289 399 sicut
309 375 382 412 ego
403 361 591 409 ecficiam,
615 376 716 412 quae
738 363 840 400 facta
860 362 924 401 hic
946 362 1202 410 turbauimus,

188 429 365 477 profecto
386 435 427 465 ut
449 427 623 478 liqueant
645 427 780 466 omnia
801 436 838 466 et
861 428 1069 478 tranquilla
1089 428 1166 466 sint

188 506 318 543 neque
339 492 552 543 quicquam
574 493 690 531 nobis
712 493 863 543 pariant
885 508 930 532 ex
952 508 992 532 se
1014 493 1270 533 incommodi.

187 559 258 596 sed
279 557 376 608 quid
396 566 437 596 tu
459 560 655 608 egredere,
679 559 900 608 Sphaerio?
928 558 1006 596 iam
1029 559 1117 596 iarn.
1178 569 1340 609 opturm·

97 637 168 670 420
187 623 405 674 praeceptis
427 623 597 674 paruisti.
660 625 729 661 Pv.
763 623 874 661 iussit
896 637 1080 662 maxumo

186 701 305 738 opere
325 701 434 727 orare
456 696 497 726 ut
518 697 669 738 patrem
690 688 824 739 aliquo
845 696 1078 739 apsterreres
1100 690 1222 728 modo

185 766 236 791 ne
256 752 359 791 intro
380 753 449 792 iret
469 755 520 792 ad
541 767 592 792 se.
653 755 730 792 TR.
763 753 859 803 quin
881 753 999 792 etiarn
1022 753 1075 791 illi
1096 755 1173 792 hoc
1194 753 1326 801 dicito,

185 819 379 857 facturum
399 817 498 871 (me)
517 826 559 857 ut
580 833 629 858 ne
651 819 770 857 etiarn
791 818 967 869 aspicere
987 818 1096 857 aedis
1116 820 1273 866 audeat,

184 883 314 933 capite
333 884 527 922 obuoluto
549 892 590 922 ut
611 884 733 934 fugiat
754 898 845 922 cum
868 897 1025 922 summo
1046 892 1164 923 metu.

95 960 161 998 425
184 949 328 987 clauim
350 951 451 987 cedo
471 958 589 999 atque
609 949 674 988 abi
698 948 824 1001 [hinc]
847 949 948 988 intro
969 958 1087 1000 atque
1108 951 1275 988 occlude
1296 949 1456 998 ostium,

182 1021 221 1053 et
241 1028 314 1064 ego
336 1014 428 1052 hinc
450 1016 671 1053 occludam.
732 1014 824 1053 iube
845 1014 980 1053 uenire
1001 1014 1198 1053 nunciam.

181 1080 297 1118 ludos
318 1093 391 1129 ego
413 1080 532 1119 hodie
553 1080 648 1118 uiuo
669 1080 865 1131 praesenti
887 1080 951 1118 hic
972 1080 1055 1119 seni

181 1144 334 1192 faciam,
358 1147 467 1195 quod
489 1147 608 1184 credo
630 1153 787 1184 mortuo
809 1160 1028 1196 numquam
1050 1148 1144 1185 fore.

181 1212 401 1249 concedam
421 1224 444 1249 a
464 1211 613 1250 foribus
634 1213 723 1258 huc,
747 1211 840 1250 hinc
862 1212 1095 1262 speculabor
1116 1213 1264 1262 procul,

91 1285 163 1321 430
181 1277 288 1315 unde
308 1276 536 1315 aduenienti
558 1276 750 1315 sarcinam
772 1276 975 1327 imponam
997 1276 1091 1315 seni.

452 1390 904 1426 THEOPROPIDES
1015 1390 1240 1427 TRANIO

177 1472 257 1508 ΤΗ.
292 1470 448 1517 Habeo,
473 1471 671 1519 Neptune,
695 1469 857 1520 gratiam
881 1483 1063 1519 magnam
1086 1470 1168 1518 tibi,

177 1548 299 1585 quom
321 1536 413 1574 med
433 1534 598 1573 amisisti
619 1549 641 1573 a
663 1543 700 1572 te
721 1534 785 1572 uix
807 1534 942 1572 uiuorn
965 1536 1142 1574 domurn.

176 1613 314 1639 uerum
335 1600 366 1638 si
387 1601 553 1651 posthac
575 1613 638 1637 me
659 1601 802 1649 pedem
825 1601 946 1637 latum
969 1601 1091 1639 modo

176 1666 274 1705 scies
296 1665 502 1717 {mposisse
524 1665 563 1703 in
585 1667 748 1713 undam,
769 1667 846 1703 hau
869 1673 1042 1704 caussast
1063 1666 1153 1705 ilico

87 1743 154 1781 435
176 1733 285 1782 quod
307 1745 413 1770 nunc
434 1731 593 1769 uoluisti
615 1732 742 1769 facere
764 1730 859 1780 quin
881 1730 999 1769 facias
1021 1731 1128 1769 mihi.

175 1811 311 1848 apage,
332 1810 455 1847 apage
475 1805 513 1835 te
533 1810 556 1834 a
577 1810 640 1835 me
661 1796 848 1834 nunciam
871 1804 959 1846 post
980 1798 1086 1835 hunc
1108 1797 1213 1836 diem
1232 1801 1238 1836 l

174 1864 282 1913 quod
304 1862 521 1901 crediturus
543 1862 613 1900 tibi
635 1862 688 1900 fui
710 1876 830 1900 omne
851 1862 1011 1900 credidi.

1469 119 1557 158 1121

1549 509 1589 544 70

1546 836 1583 871 75

1540 1155 1582 1185 80

1531 1391 1562 1429 ii

210 1972 272 2001 414
284 1965 359 2002 post
369 1970 430 2000 415
444 1960 509 1992 cod.
528 1972 535 1991 t
553 1961 623 1993 irai.
639 1960 812 1991 Acidalius
827 1972 832 1990 :
851 1972 912 1999 414
923 1964 999 2001 post
1011 1963 1074 1999 416
1087 1961 1214 1992 collocat
1226 1961 1295 2001 Fay
1309 1962 1406 2001 (Bet-l.
1422 1961 1506 1994 Phil.

176 2004 286 2037 Woclz.
305 2016 357 2044 20,
376 2005 455 2041 828)
547 2015 611 2044 414
635 2003 804 2046 sine[mo]
824 2004 912 2035 malo
928 2004 993 2035 cod.
1010 2005 1066 2035 1ἰν.
1083 2006 1120 2043 3Ἲ,
1211 2007 1276 2044 416
1302 2006 1509 2038 turbabimus

172 2048 238 2080 cod.
373 2059 436 2087 417
463 2048 639 2088 linqueant
657 2048 723 2079 cod.
745 2050 838 2088 (corr.
858 2047 918 2087 ΒΖ)
1070 2050 1132 2087 418
1157 2059 1199 2079 ex
1217 2059 1255 2079 se
1274 2048 1509 2082 Camerarius:

172 2093 249 2123 exei
268 2093 381 2132 (exeis
397 2092 441 2131 B)
461 2092 527 2124 cod.
550 2095 586 2133 (x
599 2098 662 2132 pro
679 2094 735 2126 κε)
838 2102 902 2131 419
930 2093 962 2133 gi,
985 2102 1015 2131 p.
1038 2094 1094 2132 29],
1168 2093 1337 2132 Sphaerio
1353 2092 1507 2134 Seyffi’rt:

172 2137 286 2176 sperio
303 2136 368 2167 cod.
505 2146 565 2174 421
592 2146 696 2176 opere
713 2136 788 2167 Ital.
809 2147 815 2166 :
839 2142 940 2176 opete
957 2136 1022 2167 cod.
1151 2147 1215 2175 422
1240 2138 1281 2168 ad
1298 2147 1336 2167 se
1349 2136 1505 2176 Pylades:

171 2180 268 2211 adest
284 2180 348 2211 cod.
470 2190 534 2218 423
559 2189 612 2210 me
628 2179 703 2211 add.
722 2179 861 2219 Pylades
948 2180 998 2210 vel
1012 2180 1058 2210 uti
1177 2191 1241 2219 425
1266 2180 1352 2219 (vide
1366 2181 1412 2211 ad
1425 2184 1504 2220 411)

172 2224 226 2254 abi
243 2224 321 2254 hinc
338 2225 425 2254 intro
442 2223 491 2253 rel
505 2223 570 2253 abii
589 2223 675 2254 intro
692 2223 757 2255 cod.
875 2234 936 2262 427
963 2234 1046 2254 sene
1063 2224 1128 2255 cod.
1151 2225 1247 2264 (corr.
1264 2224 1323 2265 32)

1440 2227 1504 2263 428

171 2278 238 2307 quo
256 2268 298 2298 do
315 2267 379 2298 edo
395 2266 487 2298 cod.
485 2277 573 2297 cort.
590 2266 635 2296 ΒΖ
625 2270 651 2305 -)
763 2278 826 2307 432
851 2268 892 2298 ad
911 2272 944 2298 te
963 2268 1038 2307 (pro
1055 2272 1133 2298 atte.
1151 2268 1220 2298 atel
1239 2268 1303 2299 cod.
1325 2270 1417 2309 (corr.
1437 2268 1501 2308 32)

171 2312 305 2341 domurn
323 2310 361 2341 P.
385 2310 490 2340 leon·
494 2321 554 2340 as:
579 2311 676 2341 modo
694 2310 761 2342 cod.
781 2312 837 2360 (cs.
853 2318 932 2351 433)
1046 2321 1109 2351 433
1134 2313 1240 2342 uirum
1258 2312 1323 2343 cod.

1437 2323 1500 2352 434

170 2365 271 2385 causa
290 2355 351 2384 illi
349 2365 379 2384 o
396 2359 447 2384 est
465 2353 552 2384 cod.:
577 2354 646 2385 tmi.
666 2353 759 2384 Scrr‘v
752 2365 846 2385 emus
989 2356 1054 2393 436
1078 2365 1186 2395 apage
1203 2365 1306 2395 acage
1324 2356 1388 2387 cod.
1411 2367 1499 2396 χῖον-ν.

168 2397 228 2439 3²)
341 2407 402 2436 437
429 2396 794 2440 01n11ic0‹I.<co›7·,B“>
