1747 2740
680 129 921 169 STICHVS
1398 131 1436 167 II
1475 130 1505 168 ii

119 244 178 282 Pr.
215 250 328 295 poste
366 250 498 282 autem
542 242 702 282 aduexit
741 243 931 294 parasitos
971 245 1239 283 secum—GE.
1277 246 1323 292 ei,
1361 245 1455 295 perii

1313 310 1454 349 miser!

118 375 175 412 Pi.
208 373 532 413 ridiculissumOS.
591 376 666 413 GE.
699 388 896 413 reuorram
938 376 1067 413 hercle
1108 377 1183 413 hoc
1218 377 1327 425 quod
1363 390 1454 414 con-
1474 383 1515 424 65

1193 440 1295 479 uorri
1318 442 1451 479 modo.

31 517 99 553 390
119 506 219 543 PAN.
252 504 414 544 uidistin
442 504 571 544 uirum
593 505 736 545 sororis
762 505 1046 556 Pamphilum?
1106 508 1164 544 Pi.
1197 519 1289 544 non.
1351 508 1451 543 ΡΑΝ.

1211 585 1290 609 non
1313 572 1424 610 adest
1439 573 1456 610 ?

118 637 177 674 P1.
208 635 332 674 immo
353 635 510 675 uenisse
531 649 622 675 eum
644 636 777 675 simitu
799 637 929 676 aiebat
950 637 1037 676 ille:
1068 650 1142 687 ego
1163 638 1241 675 huc
1263 636 1363 675 citus

116 701 373 752 praecucurri,
397 709 439 740 ut
460 701 683 740 nuntiarem
706 703 890 741 nuntium
912 702 1189 753 exoptabilem.

117 768 190 805 GE.
224 768 383 805 uenales
405 766 483 817 logi
504 775 595 806 sunt
618 767 671 805 illi
693 780 794 817 quos
815 768 1010 818 negabam
1031 768 1215 806 uendere.

115 831 231 879 ilicet,
254 832 331 870 iam
353 845 444 871 meo
465 834 608 871 malost
630 834 739 883 quod
762 834 1046 872 maleuolentes
1067 834 1277 882 gaudeant.
1477 848 1516 880 70

29 907 93 945 395
116 898 322 944 Hercules,
346 897 412 948 qui
434 899 524 936 deu’
546 898 608 945 sis,
633 912 727 937 sane
748 898 963 937 discessisti
984 911 1065 936 non
1087 899 1201 937 bene.

115 963 216 1000 PAN.
248 961 393 1010 iintro‚
419 963 636 1010 Pinacium,
660 963 753 1002 iube
783 963 952 1002 famulos
982 976 1063 1002 rem
1095 963 1273 1001 diuinam
1305 963 1358 1001 mi
1387 976 1453 1013 ap-

1299 1036 1447 1079 parent.

114 1095 216 1133 bene
230 1095 327 1133 uale.
371 1095 445 1133 GE.
470 1094 536 1133 uin
550 1094 854 1134 administrem?
903 1097 1004 1133 ΡΑΝ.
1028 1103 1085 1134 sat
1100 1108 1303 1133 seruorum
1320 1094 1450 1132 habeo

1271 1159 1450 1197 domi.—

113 1225 188 1263 GE.
220 1224 326 1263 enim
348 1238 453 1272 uero,
478 1224 689 1273 Gelasium,
714 1224 856 1276 opinor
877 1225 1094 1275 prouenisti
1116 1225 1256 1271 futtile,

112 1289 142 1328 si
164 1302 293 1339 neque
314 1289 379 1328 ille
398 1291 511 1328 adest
532 1304 662 1341 neque
679 1290 748 1347 ⁵hic
769 1290 837 1341 qui
858 1291 968 1329 uenit
988 1290 1202 1341 quicquam
1225 1290 1421 1330 subuenit.
1471 1303 1508 1336 75

25 1370 94 1405 400
113 1356 180 1394 ibo
202 1356 303 1394 intro
323 1357 375 1395 ad
396 1356 516 1395 libros
537 1364 574 1396 et
596 1357 746 1395 discam
769 1358 818 1395 de
840 1357 955 1395 dictis
978 1357 1233 1404 melioribus;

112 1435 203 1461 nam
225 1421 264 1460 ni
286 1422 372 1461 illos
393 1422 575 1461 homines
596 1424 761 1473 expello,
785 1436 858 1473 ego
879 1422 1007 1461 occidi
1030 1422 1340 1473 planissume.—

597 1624 834 1672 ACTVS
887 1625 966 1671 III

431 1728 768 1765 EPIGNOMVS
880 1727 1124 1765 STICHVS
1468 1724 1584 1766 HLfi

217 1816 288 1854 ΕΡ.
321 1816 456 1864 Quom
479 1816 582 1855 bene
603 1829 642 1855 re
663 1823 773 1866 gesta
793 1816 924 1853 saluos
945 1822 1159 1853 conuortor
1179 1815 1357 1862 domum,

214 1882 408 1931 Neptuno
428 1880 545 1930 gratis
566 1881 696 1920 habeo
716 1889 755 1920 et
775 1880 1099 1931 Tempestatibus
1116 1895 1126 1928 ;

215 1947 332 1985 simul
356 1946 568 1994 Mercurio,
589 1946 657 1997 qui
679 1960 742 1986 me
762 1946 802 1985 in
824 1946 1092 1985 mercimoniis

21 2025 86 2062 405
215 2012 314 2051 iuuit
335 2012 531 2063 lucrisque
551 2012 868 2064 quadruplicauit
889 2026 970 2051 rem
993 2026 1134 2051 meam.

214 2078 309 2117 olim
331 2092 431 2129 quos
451 2078 589 2117 abiens
609 2078 737 2118 adfeci
757 2079 1008 2129 aegrimonia,
1461 2090 1479 2122 5

148 2183 212 2222 388
237 2193 351 2214 secum
377 2183 543 2223 parasitos
571 2183 604 2214 P
741 2184 806 2223 389
831 2183 1128 2214 ridiculosissimos
1152 2183 1240 2214 codd.
1375 2193 1441 2223 390

106 2227 385 2268 pamphilippum.
448 2227 498 2257 P1.
526 2237 604 2260 non.
666 2227 751 2258 ΡΑΝ.
780 2228 877 2258 adest
894 2227 928 2257 Ρ
942 2229 1040 2268 (ἲρνο
1055 2227 1349 2268 Pamphilippum?
1371 2238 1438 2258 non

105 2272 202 2302 adest
213 2272 237 2310 2)
373 2281 432 2310 391
461 2272 562 2301 immo
578 2271 713 2302 alebant
739 2272 877 2302 uenisse
903 2281 978 2301 eum
1003 2271 1100 2302 simul
1127 2273 1201 2311 (pro
1225 2271 1355 2306 simitm
1377 2273 1438 2302 sed

105 2325 171 2354 ego
188 2315 253 2346 huc
270 2316 356 2346 citus
373 2315 406 2345 P
513 2315 562 2345 vrl
574 2315 665 2346 aibat
827 2325 891 2354 392
915 2315 1095 2345 obtabilem
1115 2314 1149 2345 P
1287 2325 1351 2354 393
1377 2315 1438 2346 loci

106 2357 140 2388 P
268 2369 331 2400 394
359 2359 448 2390 ilicet
470 2358 548 2399 iam]
570 2359 647 2390 ilico
667 2364 701 2390 et
722 2358 756 2389 P
840 2359 988 2390 audeant
1008 2357 1042 2388 Ρ
1170 2368 1232 2398 395
1259 2369 1339 2389 sane
1365 2365 1441 2390 ante

105 2403 162 2442 qui
179 2402 212 2433 P
297 2404 514 2434 discessisses
538 2402 571 2433 P
665 2403 728 2442 396
753 2404 760 2433 i
780 2403 787 2432 i
806 2402 839 2432 Ρ
925 2402 1058 2434 famulis
1080 2402 1112 2433 A
1134 2402 1263 2444 (ret-te&
1375 2405 1440 2442 398

106 2446 157 2478 vel
170 2448 273 2488 opino
405 2457 470 2486 399
495 2447 572 2477 ueni
590 2447 621 2476 A
758 2458 823 2485 400
846 2447 952 2477 dicam
972 2448 1003 2476 A
1139 2449 1204 2486 406
1227 2447 1336 2479 adfeci
1355 2447 1387 2477 Ρ
