<?xml version="1.0" encoding="UTF-8"?>
<!DOCTYPE html PUBLIC "-//W3C//DTD XHTML 1.0 Transitional//EN"
    "http://www.w3.org/TR/xhtml1/DTD/xhtml1-transitional.dtd">
<html xmlns="http://www.w3.org/1999/xhtml" xml:lang="en" lang="en">
 <head>
  <title>
</title>
<meta http-equiv="Content-Type" content="text/html;charset=utf-8" />
  <meta name='ocr-system' content='tesseract 3.04.00' />
  <meta name='ocr-capabilities' content='ocr_page ocr_carea ocr_par ocr_line ocrx_word'/>
</head>
<body>
  <div class='ocr_page' id='page_1' title='image "./comoediaerecogno02plau_0470.png"; bbox 0 0 1747 2740; ppageno 0'>
   <div class='ocr_carea' id='block_1_1' title="bbox 180 141 1183 187">
    <p class='ocr_par' dir='ltr' id='par_1_1' title="bbox 180 141 1183 187">
     <span class='ocr_line' id='line_1_1' title="bbox 180 141 1183 187; baseline -0.008 0"><span class='ocrx_word' id='word_1_1' title='bbox 180 147 233 187; x_wconf 93' lang='lat' dir='ltr'><strong>II.</strong></span> <span class='ocrx_word' id='word_1_2' title='bbox 258 148 288 186; x_wconf 90' lang='lat' dir='ltr'><strong>ii</strong></span> <span class='ocrx_word' id='word_1_3' title='bbox 683 143 728 182; x_wconf 90' lang='lat' dir='ltr'><strong>T.</strong></span> <span class='ocrx_word' id='word_1_4' title='bbox 764 142 945 183; x_wconf 91' lang='lat' dir='ltr'><strong>MACCI</strong></span> <span class='ocrx_word' id='word_1_5' title='bbox 978 141 1183 181; x_wconf 93' lang='lat' dir='ltr'><strong>PLAVTI</strong></span> 
     </span>
    </p>
   </div>
   <div class='ocr_carea' id='block_1_2' title="bbox 200 251 1685 568">
    <p class='ocr_par' dir='ltr' id='par_1_2' title="bbox 200 251 1685 375">
     <span class='ocr_line' id='line_1_2' title="bbox 262 251 1685 310; baseline -0.008 -11"><span class='ocrx_word' id='word_1_6' title='bbox 262 259 293 298; x_wconf 88' lang='lat' dir='ltr'><strong>is</strong></span> <span class='ocrx_word' id='word_1_7' title='bbox 314 260 460 310; x_wconf 88' lang='lat' dir='ltr'><strong>probus</strong></span> <span class='ocrx_word' id='word_1_8' title='bbox 481 266 539 297; x_wconf 89' lang='lat' dir='ltr'><strong>est</strong></span> <span class='ocrx_word' id='word_1_9' title='bbox 561 270 679 307; x_wconf 88' lang='lat' dir='ltr'><strong>quern</strong></span> <span class='ocrx_word' id='word_1_10' title='bbox 701 254 874 306; x_wconf 89' lang='lat' dir='ltr'><strong>paenitet</strong></span> <span class='ocrx_word' id='word_1_11' title='bbox 895 267 1014 305; x_wconf 88' lang='lat' dir='ltr'><strong>quam</strong></span> <span class='ocrx_word' id='word_1_12' title='bbox 1036 253 1174 304; x_wconf 88' lang='lat' dir='ltr'><strong>probu&#39;</strong></span> <span class='ocrx_word' id='word_1_13' title='bbox 1195 252 1243 291; x_wconf 90' lang='lat' dir='ltr'><strong>sit</strong></span> <span class='ocrx_word' id='word_1_14' title='bbox 1264 260 1302 291; x_wconf 90' lang='lat' dir='ltr'><strong>et</strong></span> <span class='ocrx_word' id='word_1_15' title='bbox 1322 251 1421 303; x_wconf 87' lang='lat' dir='ltr'><strong>frugi</strong></span> <span class='ocrx_word' id='word_1_16' title='bbox 1441 251 1597 299; x_wconf 79' lang='lat' dir='ltr'><strong>bonae3</strong></span> <span class='ocrx_word' id='word_1_17' title='bbox 1617 258 1685 294; x_wconf 89' lang='lat'><strong>320</strong></span> 
     </span>
     <span class='ocr_line' id='line_1_3' title="bbox 200 316 1546 375; baseline -0.006 -12"><span class='ocrx_word' id='word_1_18' title='bbox 200 340 242 371; x_wconf 87' lang='lat'><strong>40</strong></span> <span class='ocrx_word' id='word_1_19' title='bbox 262 324 330 375; x_wconf 88' lang='lat' dir='ltr'><strong>qui</strong></span> <span class='ocrx_word' id='word_1_20' title='bbox 351 324 458 374; x_wconf 86' lang='lat' dir='ltr'><strong>ipsus</strong></span> <span class='ocrx_word' id='word_1_21' title='bbox 479 322 552 362; x_wconf 92' lang='lat' dir='ltr'><strong>sibi</strong></span> <span class='ocrx_word' id='word_1_22' title='bbox 574 321 666 361; x_wconf 85' lang='lat' dir='ltr'><strong>satis</strong></span> <span class='ocrx_word' id='word_1_23' title='bbox 688 323 817 372; x_wconf 89' lang='lat' dir='ltr'><strong>placet</strong></span> <span class='ocrx_word' id='word_1_24' title='bbox 838 334 911 359; x_wconf 86' lang='lat' dir='ltr'><strong>nec</strong></span> <span class='ocrx_word' id='word_1_25' title='bbox 933 319 1080 370; x_wconf 89' lang='lat' dir='ltr'><strong>probus</strong></span> <span class='ocrx_word' id='word_1_26' title='bbox 1101 326 1159 357; x_wconf 91' lang='lat' dir='ltr'><strong>est</strong></span> <span class='ocrx_word' id='word_1_27' title='bbox 1180 331 1253 357; x_wconf 90' lang='lat' dir='ltr'><strong>nec</strong></span> <span class='ocrx_word' id='word_1_28' title='bbox 1274 316 1372 368; x_wconf 89' lang='lat' dir='ltr'>frugi</span> <span class='ocrx_word' id='word_1_29' title='bbox 1393 316 1546 356; x_wconf 86' lang='lat' dir='ltr'><strong>bonae:</strong></span> 
     </span>
    </p>

    <p class='ocr_par' dir='ltr' id='par_1_3' title="bbox 262 382 1360 440">
     <span class='ocr_line' id='line_1_4' title="bbox 262 382 1360 440; baseline -0.006 -12"><span class='ocrx_word' id='word_1_30' title='bbox 262 388 331 440; x_wconf 89' lang='lat' dir='ltr'><strong>qui</strong></span> <span class='ocrx_word' id='word_1_31' title='bbox 351 388 457 440; x_wconf 89' lang='lat' dir='ltr'><strong>ipsus</strong></span> <span class='ocrx_word' id='word_1_32' title='bbox 478 402 519 427; x_wconf 92' lang='lat' dir='ltr'><strong>se</strong></span> <span class='ocrx_word' id='word_1_33' title='bbox 540 386 771 433; x_wconf 81' lang='lat' dir='ltr'>contemnit,</span> <span class='ocrx_word' id='word_1_34' title='bbox 794 385 833 424; x_wconf 94' lang='lat' dir='ltr'><strong>in</strong></span> <span class='ocrx_word' id='word_1_35' title='bbox 855 393 939 425; x_wconf 88' lang='lat' dir='ltr'><strong>eost</strong></span> <span class='ocrx_word' id='word_1_36' title='bbox 960 384 1114 424; x_wconf 87' lang='lat' dir='ltr'>indoles</span> <span class='ocrx_word' id='word_1_37' title='bbox 1135 382 1360 423; x_wconf 84' lang='lat' dir='ltr'>industriae.</span> 
     </span>
    </p>

    <p class='ocr_par' dir='ltr' id='par_1_4' title="bbox 262 450 1345 501">
     <span class='ocr_line' id='line_1_5' title="bbox 262 450 1345 501; baseline -0.006 -8"><span class='ocrx_word' id='word_1_38' title='bbox 262 455 469 493; x_wconf 86' lang='lat' dir='ltr'><strong>benefacta</strong></span> <span class='ocrx_word' id='word_1_39' title='bbox 490 451 706 492; x_wconf 76' lang='lat' dir='ltr'><strong>benefactis</strong></span> <span class='ocrx_word' id='word_1_40' title='bbox 727 451 812 490; x_wconf 89' lang='lat' dir='ltr'><strong>aliis</strong></span> <span class='ocrx_word' id='word_1_41' title='bbox 832 450 1033 501; x_wconf 84' lang='lat' dir='ltr'><strong>pertegito,</strong></span> <span class='ocrx_word' id='word_1_42' title='bbox 1058 464 1107 488; x_wconf 89' lang='lat' dir='ltr'><strong>ne</strong></span> <span class='ocrx_word' id='word_1_43' title='bbox 1127 450 1345 500; x_wconf 88' lang='lat' dir='ltr'><strong>perpluant.</strong></span> 
     </span>
    </p>

    <p class='ocr_par' dir='ltr' id='par_1_5' title="bbox 266 513 1584 568">
     <span class='ocr_line' id='line_1_6' title="bbox 266 513 1584 568; baseline -0.005 -10"><span class='ocrx_word' id='word_1_44' title='bbox 266 521 335 558; x_wconf 76' lang='lat' dir='ltr'><strong>Lv.</strong></span> <span class='ocrx_word' id='word_1_45' title='bbox 369 520 421 558; x_wconf 92' lang='lat' dir='ltr'><strong>ob</strong></span> <span class='ocrx_word' id='word_1_46' title='bbox 441 532 529 558; x_wconf 87' lang='lat' dir='ltr'><strong>earn</strong></span> <span class='ocrx_word' id='word_1_47' title='bbox 550 532 631 557; x_wconf 88' lang='lat' dir='ltr'><strong>rem</strong></span> <span class='ocrx_word' id='word_1_48' title='bbox 652 519 762 565; x_wconf 87' lang='lat' dir='ltr'><strong>haec,</strong></span> <span class='ocrx_word' id='word_1_49' title='bbox 781 524 900 568; x_wconf 85' lang='lat' dir='ltr'><strong>pater,</strong></span> <span class='ocrx_word' id='word_1_50' title='bbox 923 515 1137 562; x_wconf 86' lang='lat' dir='ltr'><strong>autumaui,</strong></span> <span class='ocrx_word' id='word_1_51' title='bbox 1157 515 1249 566; x_wconf 86' lang='lat' dir='ltr'><strong>quia</strong></span> <span class='ocrx_word' id='word_1_52' title='bbox 1269 528 1329 554; x_wconf 90' lang='lat' dir='ltr'><strong>res</strong></span> <span class='ocrx_word' id='word_1_53' title='bbox 1349 513 1584 565; x_wconf 86' lang='lat' dir='ltr'>quaedamst</span> 
     </span>
    </p>
   </div>
   <div class='ocr_carea' id='block_1_3' title="bbox 205 579 1681 886">
    <p class='ocr_par' dir='ltr' id='par_1_6' title="bbox 1363 579 1597 630">
     <span class='ocr_line' id='line_1_7' title="bbox 1363 579 1597 630; baseline -0.004 -12"><span class='ocrx_word' id='word_1_54' title='bbox 1363 592 1482 630; x_wconf 87' lang='lat' dir='ltr'><strong>quam</strong></span> <span class='ocrx_word' id='word_1_55' title='bbox 1505 579 1597 617; x_wconf 92' lang='lat' dir='ltr'><strong>uolo</strong></span> 
     </span>
    </p>

    <p class='ocr_par' dir='ltr' id='par_1_7' title="bbox 205 643 1681 886">
     <span class='ocr_line' id='line_1_8' title="bbox 265 643 1681 700; baseline -0.006 -12"><span class='ocrx_word' id='word_1_56' title='bbox 265 663 338 700; x_wconf 82' lang='lat' dir='ltr'><strong>ego</strong></span> <span class='ocrx_word' id='word_1_57' title='bbox 361 663 422 688; x_wconf 90' lang='lat' dir='ltr'><strong>me</strong></span> <span class='ocrx_word' id='word_1_58' title='bbox 443 662 512 700; x_wconf 88' lang='lat' dir='ltr'><strong>aps</strong></span> <span class='ocrx_word' id='word_1_59' title='bbox 533 656 571 687; x_wconf 90' lang='lat' dir='ltr'><strong>te</strong></span> <span class='ocrx_word' id='word_1_60' title='bbox 591 661 760 688; x_wconf 80' lang='lat' dir='ltr'><strong>exorare.</strong></span> <span class='ocrx_word' id='word_1_61' title='bbox 822 648 895 685; x_wconf 85' lang='grc' dir='ltr'><strong>ΡΗ.</strong></span> <span class='ocrx_word' id='word_1_62' title='bbox 928 645 1023 697; x_wconf 90' lang='lat' dir='ltr'><strong>quid</strong></span> <span class='ocrx_word' id='word_1_63' title='bbox 1045 644 1085 685; x_wconf 93' lang='lat' dir='ltr'><strong>id</strong></span> <span class='ocrx_word' id='word_1_64' title='bbox 1106 646 1196 685; x_wconf 88' lang='lat' dir='ltr'><strong>est?</strong></span> <span class='ocrx_word' id='word_1_65' title='bbox 1225 645 1319 684; x_wconf 88' lang='lat' dir='ltr'><strong>dare</strong></span> <span class='ocrx_word' id='word_1_66' title='bbox 1339 644 1416 683; x_wconf 88' lang='lat' dir='ltr'><strong>iarn</strong></span> <span class='ocrx_word' id='word_1_67' title='bbox 1437 643 1595 682; x_wconf 89' lang='lat' dir='ltr'><strong>ueniam</strong></span> <span class='ocrx_word' id='word_1_68' title='bbox 1617 652 1681 689; x_wconf 84' lang='lat'><strong>325</strong></span> 
     </span>
     <span class='ocr_line' id='line_1_9' title="bbox 1461 707 1597 759; baseline -0.015 -12"><span class='ocrx_word' id='word_1_69' title='bbox 1461 707 1597 759; x_wconf 87' lang='lat' dir='ltr'><strong>gestio.</strong></span> 
     </span>
     <span class='ocr_line' id='line_1_10' title="bbox 205 774 1600 829; baseline -0.005 -10"><span class='ocrx_word' id='word_1_70' title='bbox 205 790 244 820; x_wconf 81' lang='lat'><strong>45</strong></span> <span class='ocrx_word' id='word_1_71' title='bbox 269 781 338 818; x_wconf 83' lang='lat' dir='ltr'><strong>Lv.</strong></span> <span class='ocrx_word' id='word_1_72' title='bbox 371 778 612 818; x_wconf 78' lang='lat' dir='ltr'>adulescenti</span> <span class='ocrx_word' id='word_1_73' title='bbox 644 777 736 817; x_wconf 86' lang='lat' dir='ltr'><strong>huie</strong></span> <span class='ocrx_word' id='word_1_74' title='bbox 765 791 908 829; x_wconf 82' lang='lat' dir='ltr'><strong>genere</strong></span> <span class='ocrx_word' id='word_1_75' title='bbox 937 790 1104 823; x_wconf 88' lang='lat' dir='ltr'><strong>summo,</strong></span> <span class='ocrx_word' id='word_1_76' title='bbox 1136 775 1266 815; x_wconf 84' lang='lat' dir='ltr'><strong>amico</strong></span> <span class='ocrx_word' id='word_1_77' title='bbox 1297 782 1417 826; x_wconf 86' lang='lat' dir='ltr'><strong>atque</strong></span> <span class='ocrx_word' id='word_1_78' title='bbox 1445 774 1600 825; x_wconf 90' lang='lat' dir='ltr'><strong>aequali</strong></span> 
     </span>
     <span class='ocr_line' id='line_1_11' title="bbox 1497 853 1598 886; baseline 0 -8"><span class='ocrx_word' id='word_1_79' title='bbox 1497 853 1598 886; x_wconf 90' lang='lat' dir='ltr'><strong>meo,</strong></span> 
     </span>
    </p>
   </div>
   <div class='ocr_carea' id='block_1_4' title="bbox 208 905 1688 2070">
    <p class='ocr_par' dir='ltr' id='par_1_8' title="bbox 208 905 1688 2070">
     <span class='ocr_line' id='line_1_12' title="bbox 267 905 1450 960; baseline -0.003 -12"><span class='ocrx_word' id='word_1_80' title='bbox 267 909 389 948; x_wconf 83' lang='lat' dir='ltr'><strong>minu’</strong></span> <span class='ocrx_word' id='word_1_81' title='bbox 410 909 475 960; x_wconf 88' lang='lat' dir='ltr'><strong>qui</strong></span> <span class='ocrx_word' id='word_1_82' title='bbox 497 917 610 948; x_wconf 90' lang='lat' dir='ltr'><strong>caute</strong></span> <span class='ocrx_word' id='word_1_83' title='bbox 632 917 669 948; x_wconf 90' lang='lat' dir='ltr'><strong>et</strong></span> <span class='ocrx_word' id='word_1_84' title='bbox 690 908 859 960; x_wconf 86' lang='lat' dir='ltr'><strong>cogitate</strong></span> <span class='ocrx_word' id='word_1_85' title='bbox 880 921 991 947; x_wconf 89' lang='lat' dir='ltr'><strong>suam</strong></span> <span class='ocrx_word' id='word_1_86' title='bbox 1013 921 1093 946; x_wconf 87' lang='lat' dir='ltr'><strong>rem</strong></span> <span class='ocrx_word' id='word_1_87' title='bbox 1115 905 1309 954; x_wconf 88' lang='lat' dir='ltr'><strong>tractauit,</strong></span> <span class='ocrx_word' id='word_1_88' title='bbox 1330 913 1450 956; x_wconf 91' lang='lat' dir='ltr'><strong>pater,</strong></span> 
     </span>
     <span class='ocr_line' id='line_1_13' title="bbox 267 971 1601 1025; baseline -0.004 -11"><span class='ocrx_word' id='word_1_89' title='bbox 267 976 369 1014; x_wconf 90' lang='lat' dir='ltr'><strong>bene</strong></span> <span class='ocrx_word' id='word_1_90' title='bbox 399 977 492 1014; x_wconf 91' lang='lat' dir='ltr'><strong>uolo</strong></span> <span class='ocrx_word' id='word_1_91' title='bbox 521 989 594 1025; x_wconf 86' lang='lat' dir='ltr'><strong>ego</strong></span> <span class='ocrx_word' id='word_1_92' title='bbox 625 974 678 1013; x_wconf 92' lang='lat' dir='ltr'><strong>illi</strong></span> <span class='ocrx_word' id='word_1_93' title='bbox 706 975 844 1021; x_wconf 87' lang='lat' dir='ltr'><strong>facere,</strong></span> <span class='ocrx_word' id='word_1_94' title='bbox 875 973 906 1012; x_wconf 90' lang='lat' dir='ltr'><strong>si</strong></span> <span class='ocrx_word' id='word_1_95' title='bbox 931 980 972 1012; x_wconf 94' lang='lat' dir='ltr'><strong>tu</strong></span> <span class='ocrx_word' id='word_1_96' title='bbox 1000 986 1080 1012; x_wconf 93' lang='lat' dir='ltr'><strong>non</strong></span> <span class='ocrx_word' id='word_1_97' title='bbox 1109 971 1230 1011; x_wconf 90' lang='lat' dir='ltr'><strong>neuis.</strong></span> <span class='ocrx_word' id='word_1_98' title='bbox 1292 973 1366 1010; x_wconf 82' lang='lat' dir='ltr'><strong>PH.</strong></span> <span class='ocrx_word' id='word_1_99' title='bbox 1398 972 1529 1022; x_wconf 87' lang='lat' dir='ltr'><strong>nemp&#39;</strong></span> <span class='ocrx_word' id='word_1_100' title='bbox 1550 971 1601 1010; x_wconf 88' lang='lat' dir='ltr'><strong>de</strong></span> 
     </span>
     <span class='ocr_line' id='line_1_14' title="bbox 1500 1039 1602 1076; baseline 0 -1"><span class='ocrx_word' id='word_1_101' title='bbox 1500 1044 1569 1076; x_wconf 90' lang='lat' dir='ltr'><strong>tuo</strong></span> <span class='ocrx_word' id='word_1_102' title='bbox 1585 1039 1602 1075; x_wconf 88' lang='lat'>?</span> 
     </span>
     <span class='ocr_line' id='line_1_15' title="bbox 269 1102 1601 1156; baseline -0.004 -12"><span class='ocrx_word' id='word_1_103' title='bbox 269 1107 338 1144; x_wconf 76' lang='lat' dir='ltr'><strong>Lv.</strong></span> <span class='ocrx_word' id='word_1_104' title='bbox 371 1107 421 1144; x_wconf 91' lang='lat' dir='ltr'><strong>de</strong></span> <span class='ocrx_word' id='word_1_105' title='bbox 452 1119 542 1144; x_wconf 90' lang='lat' dir='ltr'><strong>meo</strong></span> <span class='ocrx_word' id='word_1_106' title='bbox 561 1121 567 1143; x_wconf 90' lang='lat'>:</span> <span class='ocrx_word' id='word_1_107' title='bbox 610 1119 701 1143; x_wconf 87' lang='lat' dir='ltr'><strong>narn</strong></span> <span class='ocrx_word' id='word_1_108' title='bbox 732 1105 841 1156; x_wconf 87' lang='lat' dir='ltr'><strong>quod</strong></span> <span class='ocrx_word' id='word_1_109' title='bbox 876 1110 1023 1143; x_wconf 90' lang='lat' dir='ltr'>tuomst</span> <span class='ocrx_word' id='word_1_110' title='bbox 1058 1109 1240 1149; x_wconf 91' lang='lat' dir='ltr'><strong>meumst,</strong></span> <span class='ocrx_word' id='word_1_111' title='bbox 1277 1102 1396 1141; x_wconf 77' lang='lat' dir='ltr'><strong>omne</strong></span> <span class='ocrx_word' id='word_1_112' title='bbox 1430 1109 1601 1140; x_wconf 90' lang='lat' dir='ltr'><strong>meumst</strong></span> 
     </span>
     <span class='ocr_line' id='line_1_16' title="bbox 1320 1175 1597 1206; baseline -0.004 0"><span class='ocrx_word' id='word_1_113' title='bbox 1320 1175 1453 1206; x_wconf 85' lang='lat' dir='ltr'><strong>autem</strong></span> <span class='ocrx_word' id='word_1_114' title='bbox 1475 1175 1597 1206; x_wconf 89' lang='lat' dir='ltr'><strong>tuom.</strong></span> 
     </span>
     <span class='ocr_line' id='line_1_17' title="bbox 269 1232 1688 1288; baseline -0.005 -12"><span class='ocrx_word' id='word_1_115' title='bbox 269 1239 344 1276; x_wconf 84' lang='lat' dir='ltr'><strong>PH.</strong></span> <span class='ocrx_word' id='word_1_116' title='bbox 369 1236 465 1288; x_wconf 90' lang='lat' dir='ltr'><strong>quid</strong></span> <span class='ocrx_word' id='word_1_117' title='bbox 486 1236 549 1275; x_wconf 90' lang='lat' dir='ltr'><strong>is?</strong></span> <span class='ocrx_word' id='word_1_118' title='bbox 579 1238 750 1287; x_wconf 87' lang='lat' dir='ltr'><strong>egetne?</strong></span> <span class='ocrx_word' id='word_1_119' title='bbox 807 1237 876 1274; x_wconf 79' lang='lat' dir='ltr'><strong>LY.</strong></span> <span class='ocrx_word' id='word_1_120' title='bbox 901 1242 997 1285; x_wconf 86' lang='lat' dir='ltr'><strong>eget.</strong></span> <span class='ocrx_word' id='word_1_121' title='bbox 1058 1236 1133 1272; x_wconf 83' lang='lat' dir='ltr'><strong>PH.</strong></span> <span class='ocrx_word' id='word_1_122' title='bbox 1156 1232 1347 1272; x_wconf 84' lang='lat' dir='ltr'><strong>habuitne</strong></span> <span class='ocrx_word' id='word_1_123' title='bbox 1363 1234 1475 1272; x_wconf 91' lang='lat' dir='ltr'><strong>rem?</strong></span> <span class='ocrx_word' id='word_1_124' title='bbox 1526 1234 1596 1271; x_wconf 77' lang='lat' dir='ltr'><strong>Lv.</strong></span> <span class='ocrx_word' id='word_1_125' title='bbox 1619 1241 1688 1276; x_wconf 85' lang='lat'><strong>330</strong></span> 
     </span>
     <span class='ocr_line' id='line_1_18' title="bbox 896 1297 1600 1350; baseline -0.004 -11"><span class='ocrx_word' id='word_1_126' title='bbox 896 1299 1045 1339; x_wconf 85' lang='lat' dir='ltr'><strong>habuit.</strong></span> <span class='ocrx_word' id='word_1_127' title='bbox 1106 1301 1181 1337; x_wconf 74' lang='lat' dir='ltr'><strong>PH.</strong></span> <span class='ocrx_word' id='word_1_128' title='bbox 1204 1300 1272 1349; x_wconf 82' lang='lat' dir='ltr'><strong>qui</strong></span> <span class='ocrx_word' id='word_1_129' title='bbox 1292 1311 1380 1338; x_wconf 88' lang='lat' dir='ltr'><strong>eam</strong></span> <span class='ocrx_word' id='word_1_130' title='bbox 1400 1297 1600 1350; x_wconf 85' lang='lat' dir='ltr'><strong>perdidit?</strong></span> 
     </span>
     <span class='ocr_line' id='line_1_19' title="bbox 208 1364 1268 1419; baseline -0.005 -12"><span class='ocrx_word' id='word_1_131' title='bbox 208 1381 250 1413; x_wconf 80' lang='lat'><strong>50</strong></span> <span class='ocrx_word' id='word_1_132' title='bbox 269 1368 489 1419; x_wconf 82' lang='lat' dir='ltr'><strong>publicisne</strong></span> <span class='ocrx_word' id='word_1_133' title='bbox 509 1367 650 1407; x_wconf 86' lang='lat' dir='ltr'><strong>adfinis</strong></span> <span class='ocrx_word' id='word_1_134' title='bbox 672 1367 743 1405; x_wconf 90' lang='lat' dir='ltr'><strong>fuit</strong></span> <span class='ocrx_word' id='word_1_135' title='bbox 762 1380 812 1405; x_wconf 89' lang='lat' dir='ltr'><strong>an</strong></span> <span class='ocrx_word' id='word_1_136' title='bbox 835 1365 1052 1405; x_wconf 87' lang='lat' dir='ltr'><strong>maritumis</strong></span> <span class='ocrx_word' id='word_1_137' title='bbox 1072 1364 1268 1415; x_wconf 87' lang='lat' dir='ltr'><strong>negotiis?</strong></span> 
     </span>
     <span class='ocr_line' id='line_1_20' title="bbox 269 1429 1341 1480; baseline -0.004 -8"><span class='ocrx_word' id='word_1_138' title='bbox 269 1441 525 1480; x_wconf 88' lang='lat' dir='ltr'><strong>mercaturan‚</strong></span> <span class='ocrx_word' id='word_1_139' title='bbox 548 1447 598 1471; x_wconf 90' lang='lat' dir='ltr'><strong>an</strong></span> <span class='ocrx_word' id='word_1_140' title='bbox 620 1432 768 1472; x_wconf 89' lang='lat' dir='ltr'><strong>uenalis</strong></span> <span class='ocrx_word' id='word_1_141' title='bbox 790 1432 928 1471; x_wconf 85' lang='lat' dir='ltr'><strong>habuit</strong></span> <span class='ocrx_word' id='word_1_142' title='bbox 949 1431 1017 1470; x_wconf 92' lang='lat' dir='ltr'><strong>ubi</strong></span> <span class='ocrx_word' id='word_1_143' title='bbox 1038 1444 1119 1469; x_wconf 89' lang='lat' dir='ltr'><strong>rem</strong></span> <span class='ocrx_word' id='word_1_144' title='bbox 1140 1429 1341 1480; x_wconf 82' lang='lat' dir='ltr'><strong>perdidit?</strong></span> 
     </span>
     <span class='ocr_line' id='line_1_21' title="bbox 269 1493 1600 1547; baseline -0.003 -10"><span class='ocrx_word' id='word_1_145' title='bbox 269 1500 340 1537; x_wconf 74' lang='lat' dir='ltr'><strong>Lv.</strong></span> <span class='ocrx_word' id='word_1_146' title='bbox 372 1498 469 1537; x_wconf 91' lang='lat' dir='ltr'><strong>nihil</strong></span> <span class='ocrx_word' id='word_1_147' title='bbox 498 1498 672 1537; x_wconf 89' lang='lat' dir='ltr'><strong>istorum.</strong></span> <span class='ocrx_word' id='word_1_148' title='bbox 734 1499 807 1536; x_wconf 79' lang='lat' dir='ltr'><strong>PH.</strong></span> <span class='ocrx_word' id='word_1_149' title='bbox 840 1496 937 1547; x_wconf 89' lang='lat' dir='ltr'><strong>quid</strong></span> <span class='ocrx_word' id='word_1_150' title='bbox 971 1495 1116 1547; x_wconf 86' lang='lat' dir='ltr'><strong>igitur?</strong></span> <span class='ocrx_word' id='word_1_151' title='bbox 1173 1497 1243 1534; x_wconf 75' lang='lat' dir='ltr'><strong>LY.</strong></span> <span class='ocrx_word' id='word_1_152' title='bbox 1276 1508 1344 1546; x_wconf 92' lang='lat' dir='ltr'><strong>per</strong></span> <span class='ocrx_word' id='word_1_153' title='bbox 1373 1493 1600 1534; x_wconf 85' lang='lat' dir='ltr'><strong>comitatem</strong></span> 
     </span>
     <span class='ocr_line' id='line_1_22' title="bbox 1293 1560 1601 1610; baseline -0.006 -11"><span class='ocrx_word' id='word_1_154' title='bbox 1293 1560 1448 1610; x_wconf 87' lang='lat' dir='ltr'><strong>edepol,</strong></span> <span class='ocrx_word' id='word_1_155' title='bbox 1466 1568 1576 1610; x_wconf 85' lang='lat' dir='ltr'><strong>pater</strong></span> <span class='ocrx_word' id='word_1_156' title='bbox 1594 1574 1601 1603; x_wconf 88' lang='lat'>;</span> 
     </span>
     <span class='ocr_line' id='line_1_23' title="bbox 268 1623 1530 1680; baseline -0.005 -12"><span class='ocrx_word' id='word_1_157' title='bbox 268 1637 467 1680; x_wconf 83' lang='lat' dir='ltr'><strong>praeterea</strong></span> <span class='ocrx_word' id='word_1_158' title='bbox 487 1628 732 1679; x_wconf 87' lang='lat' dir='ltr'><strong>aliquantum</strong></span> <span class='ocrx_word' id='word_1_159' title='bbox 753 1627 873 1667; x_wconf 90' lang='lat' dir='ltr'><strong>animi</strong></span> <span class='ocrx_word' id='word_1_160' title='bbox 895 1640 1033 1665; x_wconf 82' lang='lat' dir='ltr'>caussa</span> <span class='ocrx_word' id='word_1_161' title='bbox 1054 1626 1092 1664; x_wconf 90' lang='lat' dir='ltr'><strong>in</strong></span> <span class='ocrx_word' id='word_1_162' title='bbox 1114 1624 1265 1664; x_wconf 89' lang='lat' dir='ltr'><strong>deliciis</strong></span> <span class='ocrx_word' id='word_1_163' title='bbox 1285 1623 1530 1674; x_wconf 90' lang='lat' dir='ltr'><strong>disperdidit.</strong></span> 
     </span>
     <span class='ocr_line' id='line_1_24' title="bbox 271 1688 1685 1744; baseline -0.006 -11"><span class='ocrx_word' id='word_1_164' title='bbox 271 1696 348 1733; x_wconf 80' lang='lat' dir='ltr'><strong>PH.</strong></span> <span class='ocrx_word' id='word_1_165' title='bbox 378 1695 521 1744; x_wconf 85' lang='lat' dir='ltr'><strong>edepol</strong></span> <span class='ocrx_word' id='word_1_166' title='bbox 541 1693 744 1732; x_wconf 91' lang='lat' dir='ltr'><strong>hominem</strong></span> <span class='ocrx_word' id='word_1_167' title='bbox 767 1693 1092 1743; x_wconf 85' lang='lat' dir='ltr'><strong>praemandatum</strong></span> <span class='ocrx_word' id='word_1_168' title='bbox 1114 1692 1235 1730; x_wconf 90' lang='lat' dir='ltr'><strong>ferme</strong></span> <span class='ocrx_word' id='word_1_169' title='bbox 1255 1688 1507 1737; x_wconf 86' lang='lat' dir='ltr'><strong>familiariter,</strong></span> <span class='ocrx_word' id='word_1_170' title='bbox 1619 1695 1685 1731; x_wconf 84' lang='lat'><strong>335</strong></span> 
     </span>
     <span class='ocr_line' id='line_1_25' title="bbox 209 1754 1601 1809; baseline -0.004 -11"><span class='ocrx_word' id='word_1_171' title='bbox 209 1772 249 1804; x_wconf 78' lang='lat'><strong>55</strong></span> <span class='ocrx_word' id='word_1_172' title='bbox 271 1759 337 1809; x_wconf 87' lang='lat' dir='ltr'><strong>qui</strong></span> <span class='ocrx_word' id='word_1_173' title='bbox 359 1759 520 1809; x_wconf 87' lang='lat' dir='ltr'><strong>quidem</strong></span> <span class='ocrx_word' id='word_1_174' title='bbox 542 1761 736 1809; x_wconf 78' lang='lat' dir='ltr'><strong>nusquam</strong></span> <span class='ocrx_word' id='word_1_175' title='bbox 755 1771 823 1808; x_wconf 88' lang='lat' dir='ltr'><strong>per</strong></span> <span class='ocrx_word' id='word_1_176' title='bbox 839 1757 1024 1796; x_wconf 88' lang='lat' dir='ltr'><strong>uirtutem</strong></span> <span class='ocrx_word' id='word_1_177' title='bbox 1041 1770 1122 1795; x_wconf 88' lang='lat' dir='ltr'><strong>rem</strong></span> <span class='ocrx_word' id='word_1_178' title='bbox 1144 1754 1335 1805; x_wconf 88' lang='lat' dir='ltr'><strong>confregit</strong></span> <span class='ocrx_word' id='word_1_179' title='bbox 1350 1762 1470 1804; x_wconf 83' lang='lat' dir='ltr'><strong>atque</strong></span> <span class='ocrx_word' id='word_1_180' title='bbox 1490 1761 1577 1804; x_wconf 87' lang='lat' dir='ltr'><strong>eget</strong></span> <span class='ocrx_word' id='word_1_181' title='bbox 1594 1757 1601 1792; x_wconf 71' lang='grc' dir='ltr'>ἓ</span> 
     </span>
     <span class='ocr_line' id='line_1_26' title="bbox 270 1818 1549 1862; baseline -0.004 0"><span class='ocrx_word' id='word_1_182' title='bbox 270 1824 324 1862; x_wconf 89' lang='lat' dir='ltr'><strong>nil</strong></span> <span class='ocrx_word' id='word_1_183' title='bbox 347 1837 476 1862; x_wconf 90' lang='lat' dir='ltr'><strong>moror</strong></span> <span class='ocrx_word' id='word_1_184' title='bbox 496 1837 586 1862; x_wconf 92' lang='lat' dir='ltr'><strong>eum</strong></span> <span class='ocrx_word' id='word_1_185' title='bbox 609 1823 679 1862; x_wconf 79' lang='lat' dir='ltr'><strong>tibi</strong></span> <span class='ocrx_word' id='word_1_186' title='bbox 700 1837 785 1862; x_wconf 92' lang='lat' dir='ltr'><strong>esse</strong></span> <span class='ocrx_word' id='word_1_187' title='bbox 805 1822 977 1861; x_wconf 89' lang='lat' dir='ltr'><strong>amicum</strong></span> <span class='ocrx_word' id='word_1_188' title='bbox 999 1835 1090 1861; x_wconf 91' lang='lat' dir='ltr'><strong>cum</strong></span> <span class='ocrx_word' id='word_1_189' title='bbox 1112 1819 1308 1860; x_wconf 90' lang='lat' dir='ltr'><strong>eiusmodi</strong></span> <span class='ocrx_word' id='word_1_190' title='bbox 1329 1818 1549 1858; x_wconf 90' lang='lat' dir='ltr'><strong>uirtutibus.</strong></span> 
     </span>
     <span class='ocr_line' id='line_1_27' title="bbox 271 1885 1569 1939; baseline -0.004 -12"><span class='ocrx_word' id='word_1_191' title='bbox 271 1891 340 1927; x_wconf 76' lang='lat' dir='ltr'><strong>Lv.</strong></span> <span class='ocrx_word' id='word_1_192' title='bbox 373 1889 465 1939; x_wconf 87' lang='lat' dir='ltr'><strong>quia</strong></span> <span class='ocrx_word' id='word_1_193' title='bbox 485 1889 569 1927; x_wconf 85' lang='lat' dir='ltr'><strong>sine</strong></span> <span class='ocrx_word' id='word_1_194' title='bbox 589 1888 697 1927; x_wconf 88' lang='lat' dir='ltr'><strong>omni</strong></span> <span class='ocrx_word' id='word_1_195' title='bbox 720 1888 917 1935; x_wconf 85' lang='lat' dir='ltr'><strong>malitiast,</strong></span> <span class='ocrx_word' id='word_1_196' title='bbox 940 1888 1104 1926; x_wconf 87' lang='lat' dir='ltr'><strong>tolerare</strong></span> <span class='ocrx_word' id='word_1_197' title='bbox 1125 1885 1209 1925; x_wconf 89' lang='lat' dir='ltr'><strong>eius</strong></span> <span class='ocrx_word' id='word_1_198' title='bbox 1229 1892 1442 1935; x_wconf 87' lang='lat' dir='ltr'><strong>egestatem</strong></span> <span class='ocrx_word' id='word_1_199' title='bbox 1464 1885 1569 1923; x_wconf 90' lang='lat' dir='ltr'><strong>uolo.</strong></span> 
     </span>
     <span class='ocr_line' id='line_1_28' title="bbox 270 1949 1600 2003; baseline -0.004 -11"><span class='ocrx_word' id='word_1_200' title='bbox 270 1956 344 1992; x_wconf 77' lang='lat' dir='ltr'><strong>PH.</strong></span> <span class='ocrx_word' id='word_1_201' title='bbox 367 1955 417 1992; x_wconf 90' lang='lat' dir='ltr'><strong>de</strong></span> <span class='ocrx_word' id='word_1_202' title='bbox 432 1953 616 1992; x_wconf 87' lang='lat' dir='ltr'><strong>mendico</strong></span> <span class='ocrx_word' id='word_1_203' title='bbox 634 1955 735 1992; x_wconf 89' lang='lat' dir='ltr'><strong>male</strong></span> <span class='ocrx_word' id='word_1_204' title='bbox 752 1961 920 1992; x_wconf 88' lang='lat' dir='ltr'><strong>meretur</strong></span> <span class='ocrx_word' id='word_1_205' title='bbox 934 1952 1000 2003; x_wconf 85' lang='lat' dir='ltr'><strong>qui</strong></span> <span class='ocrx_word' id='word_1_206' title='bbox 1017 1951 1052 1991; x_wconf 90' lang='lat' dir='ltr'><strong>ei</strong></span> <span class='ocrx_word' id='word_1_207' title='bbox 1069 1952 1137 1990; x_wconf 92' lang='lat' dir='ltr'><strong>dat</strong></span> <span class='ocrx_word' id='word_1_208' title='bbox 1153 1951 1262 2001; x_wconf 86' lang='lat' dir='ltr'><strong>quod</strong></span> <span class='ocrx_word' id='word_1_209' title='bbox 1282 1949 1363 1989; x_wconf 89' lang='lat' dir='ltr'><strong>edit</strong></span> <span class='ocrx_word' id='word_1_210' title='bbox 1383 1957 1450 1988; x_wconf 89' lang='lat' dir='ltr'><strong>aut</strong></span> <span class='ocrx_word' id='word_1_211' title='bbox 1466 1949 1575 1988; x_wconf 90' lang='lat' dir='ltr'><strong>bibat</strong></span> <span class='ocrx_word' id='word_1_212' title='bbox 1590 1964 1600 1997; x_wconf 80' lang='lat'><em>3</em></span> 
     </span>
     <span class='ocr_line' id='line_1_29' title="bbox 269 2015 1688 2070; baseline -0.004 -11"><span class='ocrx_word' id='word_1_213' title='bbox 269 2034 359 2059; x_wconf 90' lang='lat' dir='ltr'><strong>nam</strong></span> <span class='ocrx_word' id='word_1_214' title='bbox 381 2028 419 2059; x_wconf 88' lang='lat' dir='ltr'><strong>et</strong></span> <span class='ocrx_word' id='word_1_215' title='bbox 439 2020 536 2059; x_wconf 91' lang='lat' dir='ltr'><strong>illud</strong></span> <span class='ocrx_word' id='word_1_216' title='bbox 552 2022 661 2070; x_wconf 87' lang='lat' dir='ltr'><strong>quod</strong></span> <span class='ocrx_word' id='word_1_217' title='bbox 679 2022 745 2059; x_wconf 90' lang='lat' dir='ltr'><strong>dat</strong></span> <span class='ocrx_word' id='word_1_218' title='bbox 761 2019 888 2070; x_wconf 92' lang='lat' dir='ltr'><strong>perdit</strong></span> <span class='ocrx_word' id='word_1_219' title='bbox 909 2027 946 2058; x_wconf 92' lang='lat' dir='ltr'><strong>et</strong></span> <span class='ocrx_word' id='word_1_220' title='bbox 968 2019 1020 2057; x_wconf 90' lang='lat' dir='ltr'><strong>illi</strong></span> <span class='ocrx_word' id='word_1_221' title='bbox 1037 2017 1168 2069; x_wconf 91' lang='lat' dir='ltr'><strong>prodit</strong></span> <span class='ocrx_word' id='word_1_222' title='bbox 1184 2017 1305 2056; x_wconf 90' lang='lat' dir='ltr'><strong>uitam</strong></span> <span class='ocrx_word' id='word_1_223' title='bbox 1321 2017 1373 2056; x_wconf 90' lang='lat' dir='ltr'><strong>ad</strong></span> <span class='ocrx_word' id='word_1_224' title='bbox 1390 2015 1596 2055; x_wconf 86' lang='lat' dir='ltr'><strong>miseriam.</strong></span> <span class='ocrx_word' id='word_1_225' title='bbox 1619 2023 1688 2058; x_wconf 79' lang='lat'><strong>340</strong></span> 
     </span>
    </p>
   </div>
   <div class='ocr_carea' id='block_1_5' title="bbox 269 2120 1605 2384">
    <p class='ocr_par' dir='ltr' id='par_1_9' title="bbox 269 2120 1605 2384">
     <span class='ocr_line' id='line_1_30' title="bbox 312 2120 1599 2165; baseline -0.003 -11"><span class='ocrx_word' id='word_1_226' title='bbox 312 2133 378 2163; x_wconf 83' lang='lat'><strong>320</strong></span> <span class='ocrx_word' id='word_1_227' title='bbox 403 2123 502 2165; x_wconf 75' lang='lat' dir='ltr'><strong>[non]</strong></span> <span class='ocrx_word' id='word_1_228' title='bbox 523 2124 653 2164; x_wconf 87' lang='lat' dir='ltr'><strong>penitet</strong></span> <span class='ocrx_word' id='word_1_229' title='bbox 670 2123 703 2154; x_wconf 87' lang='lat' dir='ltr'><em>P</em></span> <span class='ocrx_word' id='word_1_230' title='bbox 718 2124 753 2163; x_wconf 85' lang='lat' dir='ltr'><strong>(i.</strong></span> <span class='ocrx_word' id='word_1_231' title='bbox 773 2125 808 2162; x_wconf 74' lang='lat'><strong>9)</strong></span> <span class='ocrx_word' id='word_1_232' title='bbox 942 2132 1003 2162; x_wconf 73' lang='lat'><strong>324</strong></span> <span class='ocrx_word' id='word_1_233' title='bbox 1029 2122 1201 2162; x_wconf 86' lang='lat' dir='ltr'><strong>quaedant</strong></span> <span class='ocrx_word' id='word_1_234' title='bbox 1217 2120 1250 2152; x_wconf 89' lang='lat' dir='ltr'>P</span> <span class='ocrx_word' id='word_1_235' title='bbox 1378 2130 1442 2160; x_wconf 88' lang='grc'><strong>325</strong></span> <span class='ocrx_word' id='word_1_236' title='bbox 1466 2120 1599 2151; x_wconf 80' lang='lat' dir='ltr'><strong>ueniam</strong></span> 
     </span>
     <span class='ocr_line' id='line_1_31' title="bbox 270 2162 1604 2207; baseline -0.003 -10"><span class='ocrx_word' id='word_1_237' title='bbox 270 2167 351 2198; x_wconf 82' lang='lat' dir='ltr'><strong>dare</strong></span> <span class='ocrx_word' id='word_1_238' title='bbox 379 2168 443 2198; x_wconf 85' lang='lat' dir='ltr'><strong>iarn</strong></span> <span class='ocrx_word' id='word_1_239' title='bbox 468 2167 532 2207; x_wconf 79' lang='lat' dir='ltr'><strong>(B)</strong></span> <span class='ocrx_word' id='word_1_240' title='bbox 556 2168 605 2198; x_wconf 76' lang='lat' dir='ltr'><strong>vel</strong></span> <span class='ocrx_word' id='word_1_241' title='bbox 627 2168 760 2198; x_wconf 84' lang='lat' dir='ltr'><strong>ueniam</strong></span> <span class='ocrx_word' id='word_1_242' title='bbox 786 2168 849 2197; x_wconf 85' lang='lat' dir='ltr'><strong>iam</strong></span> <span class='ocrx_word' id='word_1_243' title='bbox 874 2167 955 2196; x_wconf 77' lang='lat' dir='ltr'><strong>dare</strong></span> <span class='ocrx_word' id='word_1_244' title='bbox 982 2166 1083 2205; x_wconf 56' lang='lat' dir='ltr'><strong>(PCW</strong></span> <span class='ocrx_word' id='word_1_245' title='bbox 1111 2165 1144 2195; x_wconf 83' lang='lat' dir='ltr'><em>P</em></span> <span class='ocrx_word' id='word_1_246' title='bbox 1273 2165 1338 2204; x_wconf 84' lang='lat'><strong>326</strong></span> <span class='ocrx_word' id='word_1_247' title='bbox 1358 2164 1436 2195; x_wconf 88' lang='lat' dir='ltr'><strong>hinc</strong></span> <span class='ocrx_word' id='word_1_248' title='bbox 1458 2162 1604 2194; x_wconf 76' lang='lat' dir='ltr'><strong>l‘&#39;ollbcln·</strong></span> 
     </span>
     <span class='ocr_line' id='line_1_32' title="bbox 270 2206 1605 2250; baseline -0.002 -10"><span class='ocrx_word' id='word_1_249' title='bbox 270 2211 334 2250; x_wconf 87' lang='grc'><strong>328</strong></span> <span class='ocrx_word' id='word_1_250' title='bbox 359 2222 422 2250; x_wconf 76' lang='lat' dir='ltr'><strong>ego</strong></span> <span class='ocrx_word' id='word_1_251' title='bbox 439 2222 504 2242; x_wconf 84' lang='lat' dir='ltr'><strong>om.</strong></span> <span class='ocrx_word' id='word_1_252' title='bbox 524 2211 557 2240; x_wconf 81' lang='lat' dir='ltr'><em>A</em></span> <span class='ocrx_word' id='word_1_253' title='bbox 731 2212 794 2241; x_wconf 83' lang='lat' dir='ltr'><strong>nisi</strong></span> <span class='ocrx_word' id='word_1_254' title='bbox 820 2216 854 2241; x_wconf 89' lang='lat' dir='ltr'><strong>tu</strong></span> <span class='ocrx_word' id='word_1_255' title='bbox 879 2220 944 2240; x_wconf 90' lang='lat' dir='ltr'><strong>non</strong></span> <span class='ocrx_word' id='word_1_256' title='bbox 971 2210 1023 2240; x_wconf 87' lang='lat' dir='ltr'><strong>uis</strong></span> <span class='ocrx_word' id='word_1_257' title='bbox 1048 2212 1076 2241; x_wconf 78' lang='lat' dir='ltr'><em>A</em></span> <span class='ocrx_word' id='word_1_258' title='bbox 1098 2210 1168 2247; x_wconf 70' lang='lat' dir='ltr'><strong>(vix</strong></span> <span class='ocrx_word' id='word_1_259' title='bbox 1184 2214 1245 2249; x_wconf 78' lang='lat' dir='ltr'><strong>pm</strong></span> <span class='ocrx_word' id='word_1_260' title='bbox 1261 2218 1372 2239; x_wconf 82' lang='lat' dir='ltr'><strong>noenu</strong></span> <span class='ocrx_word' id='word_1_261' title='bbox 1390 2207 1464 2245; x_wconf 87' lang='lat' dir='ltr'><strong>uis;</strong></span> <span class='ocrx_word' id='word_1_262' title='bbox 1499 2207 1536 2246; x_wconf 87' lang='lat' dir='ltr'><strong>cs.</strong></span> <span class='ocrx_word' id='word_1_263' title='bbox 1557 2206 1605 2237; x_wconf 82' lang='lat' dir='ltr'><strong>ad</strong></span> 
     </span>
     <span class='ocr_line' id='line_1_33' title="bbox 270 2250 1597 2296; baseline -0.002 -12"><span class='ocrx_word' id='word_1_264' title='bbox 270 2256 351 2296; x_wconf 87' lang='lat'><strong>361)</strong></span> <span class='ocrx_word' id='word_1_265' title='bbox 435 2265 497 2294; x_wconf 85' lang='lat'><strong>332</strong></span> <span class='ocrx_word' id='word_1_266' title='bbox 522 2259 788 2286; x_wconf 84' lang='lat' dir='ltr'><strong>mercaturamne</strong></span> <span class='ocrx_word' id='word_1_267' title='bbox 804 2265 845 2285; x_wconf 86' lang='lat' dir='ltr'><strong>an</strong></span> <span class='ocrx_word' id='word_1_268' title='bbox 859 2253 892 2283; x_wconf 84' lang='lat' dir='ltr'><em>P</em></span> <span class='ocrx_word' id='word_1_269' title='bbox 985 2263 1047 2292; x_wconf 84' lang='lat'><strong>335</strong></span> <span class='ocrx_word' id='word_1_270' title='bbox 1072 2253 1303 2292; x_wconf 84' lang='lat' dir='ltr'><strong>praedicatum</strong></span> <span class='ocrx_word' id='word_1_271' title='bbox 1320 2250 1354 2282; x_wconf 81' lang='lat' dir='ltr'><em>P</em></span> <span class='ocrx_word' id='word_1_272' title='bbox 1439 2250 1460 2282; x_wconf 82' lang='lat' dir='ltr'><strong>f.</strong></span> <span class='ocrx_word' id='word_1_273' title='bbox 1478 2256 1511 2281; x_wconf 88' lang='lat' dir='ltr'><strong>et</strong></span> <span class='ocrx_word' id='word_1_274' title='bbox 1523 2251 1597 2282; x_wconf 82' lang='lat' dir='ltr'><strong>sam.</strong></span> 
     </span>
     <span class='ocr_line' id='line_1_34' title="bbox 270 2293 1598 2337; baseline -0.003 -9"><span class='ocrx_word' id='word_1_275' title='bbox 270 2299 302 2328; x_wconf 85' lang='lat' dir='ltr'><em>A</em></span> <span class='ocrx_word' id='word_1_276' title='bbox 427 2300 492 2337; x_wconf 85' lang='lat'><strong>336</strong></span> <span class='ocrx_word' id='word_1_277' title='bbox 509 2298 597 2337; x_wconf 85' lang='lat' dir='ltr'><strong>Quid</strong></span> <span class='ocrx_word' id='word_1_278' title='bbox 610 2299 642 2329; x_wconf 88' lang='lat' dir='ltr'><em>P</em></span> <span class='ocrx_word' id='word_1_279' title='bbox 761 2299 825 2337; x_wconf 84' lang='lat'><strong>338</strong></span> <span class='ocrx_word' id='word_1_280' title='bbox 841 2297 908 2337; x_wconf 81' lang='lat' dir='ltr'><strong>est]</strong></span> <span class='ocrx_word' id='word_1_281' title='bbox 927 2308 964 2327; x_wconf 82' lang='lat' dir='ltr'><strong>es</strong></span> <span class='ocrx_word' id='word_1_282' title='bbox 982 2297 1013 2326; x_wconf 82' lang='lat' dir='ltr'><em>A</em></span> <span class='ocrx_word' id='word_1_283' title='bbox 1106 2302 1294 2336; x_wconf 84' lang='lat' dir='ltr'><strong>egestatem</strong></span> <span class='ocrx_word' id='word_1_284' title='bbox 1313 2295 1386 2326; x_wconf 87' lang='lat' dir='ltr'><strong>eius</strong></span> <span class='ocrx_word' id='word_1_285' title='bbox 1402 2293 1436 2325; x_wconf 80' lang='lat' dir='ltr'><em>P</em></span> <span class='ocrx_word' id='word_1_286' title='bbox 1450 2296 1531 2335; x_wconf 81' lang='lat' dir='ltr'><strong>(non</strong></span> <span class='ocrx_word' id='word_1_287' title='bbox 1548 2293 1598 2333; x_wconf 80' lang='lat' dir='ltr'><strong>D)</strong></span> 
     </span>
     <span class='ocr_line' id='line_1_35' title="bbox 269 2340 1296 2384; baseline -0.003 -12"><span class='ocrx_word' id='word_1_288' title='bbox 269 2351 334 2382; x_wconf 80' lang='lat'><strong>339</strong></span> <span class='ocrx_word' id='word_1_289' title='bbox 351 2346 407 2372; x_wconf 82' lang='lat' dir='ltr'><strong>aut</strong></span> <span class='ocrx_word' id='word_1_290' title='bbox 433 2341 558 2384; x_wconf 89' lang='lat' dir='ltr'><strong>[quod]</strong></span> <span class='ocrx_word' id='word_1_291' title='bbox 586 2341 619 2372; x_wconf 83' lang='lat' dir='ltr'><em>P</em></span> <span class='ocrx_word' id='word_1_292' title='bbox 747 2351 812 2382; x_wconf 85' lang='lat'><strong>340</strong></span> <span class='ocrx_word' id='word_1_293' title='bbox 836 2340 961 2381; x_wconf 84' lang='lat' dir='ltr'><strong>prodit]</strong></span> <span class='ocrx_word' id='word_1_294' title='bbox 981 2340 1134 2380; x_wconf 84' lang='lat' dir='ltr'><strong>producit</strong></span> <span class='ocrx_word' id='word_1_295' title='bbox 1152 2340 1242 2380; x_wconf 58' lang='lat' dir='ltr'><strong>Po:</strong></span> <span class='ocrx_word' id='word_1_296' title='bbox 1267 2342 1296 2379; x_wconf 85' lang='grc' dir='ltr'><strong>ι)</strong></span> 
     </span>
    </p>
   </div>
  </div>
 </body>
</html>
