1747 2740
669 147 962 186 POENVLVS
1439 150 1486 186 V.
1507 150 1553 186 iv

208 259 289 297 HA.
311 258 457 309 gaudio
473 272 539 298 ero
555 259 856 298 uobeis—ADE.
880 267 918 297 at
936 260 1078 309 edepol
1096 274 1168 298 nos
1190 260 1383 311 uoluptati
1406 261 1486 299 tibi.

208 325 289 362 HA.
313 323 594 374 leibertatique.
634 326 737 362 ΑΒΕ.
758 324 856 363 istoc
873 324 999 375 pretio
1017 332 1102 363 tuas
1120 339 1192 363 nos
1209 325 1322 364 facile
1338 326 1486 365 seceris.

206 390 280 426 Ac.
303 396 439 439 patrue
460 390 523 435 mi,
543 388 595 427 ita
617 403 680 427 me
700 389 740 428 di
760 390 964 437 amabunt,
983 397 1025 428 ut
1045 404 1130 440 ego,
1149 391 1179 429 si
1201 390 1274 429 sim
1298 391 1485 442 Iuppiter,

43 467 134 493 1220
206 453 282 492 iam
300 455 429 493 hercle
449 468 522 504 ego
543 453 649 493 illam
666 469 827 494 uxorem
849 456 992 494 ducam
1011 463 1049 494 et
1066 457 1264 495 Iunonem
1282 458 1487 496 extrudam
1507 473 1550 504 50

1372 524 1485 562 foras.

204 592 246 623 ut
266 585 409 635 pudice
431 586 551 624 uerba
572 585 672 633 fecit,
697 584 867 637 cogitate
887 594 926 625 et
947 588 1171 635 commode,

203 658 245 688 ut
266 652 446 690 modeste
466 651 685 690 orationem
712 652 893 702 praebuit
914 655 920 690 ἕ
981 655 1061 691 ΗΑ.
1094 661 1202 692 certo
1228 655 1326 693 haec
1349 661 1484 693 meast.

203 717 273 755 sed
307 724 350 755 ut
379 719 467 755 astri
502 731 589 756 sum
619 719 826 768 adgressus
856 720 907 757 ad
937 722 1030 757 eas!
1088 721 1163 757 Ao.
1197 719 1327 770 lepide
1357 721 1488 758 hercle

1120 793 1240 834 atque
1261 786 1484 824 commode.

201 861 319 898 perge
334 847 451 886 etiam
470 856 671 899 temptare.
710 848 749 887 in
767 863 893 899 pauca
913 851 1048 888 confer
1066 865 1072 887 :
1094 849 1230 888 sitiunt
1247 850 1314 900 qui
1331 852 1482 889 sedent.

40 922 124 958 1225
203 915 283 952 HA.
316 913 412 964 quid
441 913 556 953 istic?
585 915 694 965 quod
725 915 993 954 faciundumst
1023 929 1096 966 qur
1123 930 1203 955 non
1231 916 1416 967 agimus?
1445 916 1483 954 in
1506 932 1546 963 55

1204 981 1262 1020 ius
1285 995 1355 1020 uos
1377 983 1481 1021 uolo.

146 1109 221 1146 AG.
263 1121 380 1154 nunc,
410 1115 558 1158 patrue,
589 1115 629 1146 tu
666 1107 763 1158 frugi
799 1108 929 1147 bonae
963 1122 1014 1147 es.
1081 1108 1148 1146 uin
1184 1110 1287 1148 hanc
1319 1124 1392 1160 ego
1422 1110 1487 1147 ad-

988 1175 1211 1223 prendam?
1270 1177 1353 1212 HA.
1383 1183 1485 1214 tene.

145 1240 250 1277 ADE.
273 1253 323 1277 an
345 1246 505 1290 patruos
526 1246 595 1287 est,
615 1240 903 1289 Agorastocles,
928 1246 1017 1278 tuos
1039 1238 1134 1278 hic?
1190 1241 1265 1279 AG.
1298 1239 1375 1278 iam
1398 1242 1487 1279 faxo

1353 1306 1483 1345 scibis.

145 1383 251 1408 nunc
272 1371 338 1420 pol
360 1383 433 1419 ego
454 1377 491 1409 te
513 1369 678 1408 ulciscar
704 1370 839 1420 probe,
864 1384 955 1408 nam
978 1372 1213 1409 faxo—mea
1233 1371 1307 1410 eris
1328 1385 1483 1422 sponsa.

147 1437 227 1473 HA.
261 1434 313 1473 ite
334 1434 373 1473 in
395 1434 465 1482 ius,
490 1449 539 1473 ne
561 1434 779 1473 moramini.
840 1443 1037 1475 antestare
1059 1450 1121 1475 me
1142 1444 1262 1487 atque
1283 1438 1396 1476 duce.

39 1512 126 1546 1230
146 1502 219 1538 AG.
237 1513 310 1550 ego
328 1507 366 1538 te
383 1500 621 1547 antestabor,
642 1508 780 1550 postea
794 1501 898 1539 hanc
918 1502 1064 1540 amabo
1080 1509 1200 1552 atque
1216 1504 1481 1552 amplexabor.
1504 1511 1546 1542 6³

145 1566 215 1604 sed
236 1565 497 1616 illudquidem
526 1565 634 1604 uolui
651 1565 964 1605 dicere—immo
994 1568 1124 1606 hercle
1146 1567 1225 1607 dixi
1246 1569 1356 1618 quod
1379 1570 1484 1608 uole-

1378 1634 1480 1673 bam.

145 1697 226 1734 HA.
259 1695 478 1735 moramini.
539 1696 577 1734 in
600 1696 659 1735 ius
681 1710 752 1735 uos
775 1710 888 1743 uoco,
913 1697 986 1735 nisi
1009 1697 1230 1737 honestiust
1251 1699 1455 1750 prehendi.

144 1763 249 1800 ADE.
272 1761 368 1812 quid
385 1761 424 1799 in
442 1761 500 1800 ius
518 1775 638 1801 uocas
656 1775 728 1801 nos
744 1764 760 1801 ?
788 1762 884 1813 quid
902 1762 972 1801 tibi
994 1764 1187 1803 debemus
1202 1766 1218 1802 ?
1260 1767 1335 1803 Ac.
1355 1765 1484 1804 deicet

1415 1831 1481 1869 illi.

143 1893 247 1930 ΑΒΕ.
285 1891 401 1931 etiam
426 1905 488 1931 me
510 1905 621 1931 meae
639 1894 779 1931 latrant
800 1895 948 1932 canes?
994 1896 1070 1934 AG.
1098 1902 1136 1933 at
1158 1901 1199 1933 tu
1221 1896 1351 1934 hercle
1376 1897 1484 1934 adlu-

1357 1960 1482 1999 diato:

192 2074 273 2103 1219
290 2075 343 2094 me
357 2075 423 2095 om.
439 2063 471 2093 A
590 2074 670 2103 1223
687 2069 779 2096 astus
794 2064 827 2095 P
935 2075 1016 2104 1224
1036 2065 1105 2097 ΗΑ.
1125 2067 1182 2107 (ita
1198 2065 1240 2106 R)
1259 2065 1370 2103 Pergo
1387 2077 1415 2096 e.
1433 2071 1454 2097 t.
1473 2068 1482 2097 3

144 2107 317 2138 Acidaltus
406 2113 586 2147 temptaret
600 2108 677 2138 PBC
709 2108 765 2139 vix
777 2114 838 2149 pro
851 2113 1018 2149 temptare
1033 2114 1066 2140 et
1080 2109 1190 2149 velat)
1279 2109 1352 2150 qui]
1371 2120 1436 2148 que
1454 2110 1486 2139 P

148 2161 229 2190 1225
253 2162 338 2182 uoco
355 2151 568 2182 Camerarius
602 2152 721 2182 ust‘lala
734 2152 862 2190 locutio)
879 2153 929 2192 (cf.
946 2152 993 2182 (τά
1001 2151 1074 2183 Mil.
1090 2154 1189 2192 1400)
1287 2155 1370 2183 1226
1392 2163 1481 2185 nunc

144 2200 223 2226 tene
240 2200 359 2235 patrue
378 2195 501 2234 tusrugi
520 2195 635 2236 sibone
652 2206 698 2226 es.
748 2195 817 2226 HA.
832 2197 888 2226 uin
905 2207 969 2235 ego
988 2197 1073 2227 hanc
1091 2197 1274 2236 adprcdam
1289 2202 1369 2228 tene
1385 2199 1480 2239 (tene

144 2249 208 2270 om.
224 2238 317 2277 pen)
330 2239 363 2269 P
374 2250 453 2279 tego
466 2239 554 2269 hanc
566 2239 707 2269 usitatus
717 2239 810 2278 ordo)
899 2250 979 2279 1227
998 2240 1067 2281 hic]
1084 2241 1145 2270 hec
1157 2240 1270 2280 (haec)
1284 2240 1317 2270 P
1396 2243 1479 2272 1228

144 2292 208 2320 ego
223 2283 276 2322 pol
290 2283 323 2312 A
414 2283 481 2313 eris
496 2293 568 2313 mea
581 2283 612 2313 A
707 2293 789 2322 1229
805 2284 982 2314 antetarde
995 2284 1027 2313 A
1124 2294 1205 2322 1230
1221 2285 1425 2324 amplexabo
1437 2285 1477 2318 P,

137 2327 215 2364 fort.
230 2330 305 2357 recte
418 2337 496 2366 1231
519 2326 654 2357 deicere
670 2326 703 2357 A
726 2328 1019 2368 (antiquaforma)
1089 2328 1190 2358 immo
1208 2328 1277 2359 dixi
1297 2329 1412 2359 hercle
1428 2328 1478 2359 P:

146 2370 246 2400 immo
270 2370 340 2401 dixi
359 2369 433 2409 (del.
462 2370 588 2409 hercle)
608 2370 748 2410 Bentley,
766 2370 1024 2410 7'l018l11111'cansa
1098 2372 1152 2401 vix
1178 2372 1280 2402 hercl*
1398 2383 1477 2411 ¹233

146 2414 191 2451 de
205 2414 362 2453 ie‘5ti3illi
378 2414 408 2443 A
427 2414 486 2445 szle.
509 2415 596 2444 dicet
615 2413 676 2455 [is]
697 2414 751 2453 illil
770 2415 899 2455 vl'xpro
916 2415 1053 2446 discetis
1071 2415 1130 2454 illi)
1242 2426 1321 2454 1234
1340 2427 1392 2446 me
1410 2428 1476 2448 om.

146 2457 178 2486 A
195 2469 201 2487 :
228 2467 322 2488 meae
341 2468 393 2488 me
412 2457 564 2497 Kacmpf

1333 2504 1391 2534 16*
