1747 2740
696 123 923 161 RVDENS
1393 123 1471 160 111.
1496 135 1522 159 v

142 235 219 273 DA.
250 233 368 273 facito
388 232 489 271 istuc
508 233 618 283 quod
639 231 819 271 minitare
836 247 845 279 3
874 233 944 271 scd
965 246 1071 270 nunc
1094 231 1260 280 interim,

139 298 171 337 si
193 298 276 337 illas
296 297 478 349 attigeris,
502 297 660 336 dabitur
681 297 751 335 tibi
775 311 961 348 magnum
983 299 1142 335 malum.

142 366 211 402 LA.
244 377 364 414 quam
386 375 573 412 magnum
595 364 719 401 uero?
778 364 853 400 DA.
887 370 1079 412 quantum
1102 361 1235 401 lenoni
1258 370 1316 400 sat
1337 370 1405 400 est.
1499 378 1536 409 15

52 441 118 478 795
141 431 211 467 LA.
245 428 433 467 minacias
453 441 527 477 ego
548 427 662 467 flocci
683 442 764 467 non
786 428 925 467 faciam
948 436 1045 475 tuas,

140 494 326 544 equidem
346 495 418 532 has
433 501 471 532 te
487 492 613 531 inuito
629 492 707 531 iam
723 495 860 532 ambas
877 493 1037 544 rapiam.
1093 495 1170 531 DA.
1194 494 1419 543 tangedum.

141 561 212 596 LA.
235 566 394 608 tangam
414 559 545 597 hercle
566 572 670 596 uero.
735 561 809 597 DA.
834 566 984 608 tanges,
1003 566 1042 597 at
1063 558 1146 597 scin
1169 571 1249 608 quo
1271 559 1423 596 modo?

139 622 150 660 i
170 625 278 670 dum,
302 623 503 670 Turbali0‚
526 623 731 670 curriculo,
755 622 924 675 adfert(o
944 622 1086 675 domo>

139 690 238 727 duas
259 689 402 727 clauas.
452 690 523 726 LA.
546 690 708 727 clauas?
757 691 833 727 DA.
857 690 926 728 sed
947 689 1102 739 probas.
1144 701 1308 738 propera
1329 687 1418 726 cito.
1497 703 1538 725 20

53 758 123 791 800
141 767 215 803 ego
235 762 274 792 te
294 754 414 792 hodie
434 755 523 792 faxo
543 762 648 792 recte
668 762 875 804 acceptum
898 762 939 792 ut
960 754 1102 804 dignus
1123 766 1174 792 es.

141 820 212 857 LA.
244 820 369 857 cheu!
400 821 588 857 scelestus
608 821 760 869 galeam
783 819 822 857 in
844 819 935 858 naui
958 819 1138 870 perdidi;

137 898 244 922 nunc
266 884 319 922 mi
339 892 564 934 opportuna
584 884 648 922 hic
670 894 783 931 esset,
807 886 915 923 salua
937 885 966 923 si
990 886 1099 923 foret.

136 949 227 987 licet
247 951 385 988 saltem
407 949 500 988 istas
521 949 575 987 mi
595 952 822 1000 appellare?
882 952 956 988 DA.
990 964 1070 988 non
1092 950 1194 989 licet.

6 1017 113 1061 804-5
136 1016 251 1053 ehem
269 1017 276 1052 Ξ
305 1022 470 1065 optume
490 1016 634 1065 edepol
655 1028 794 1053 eccum
816 1016 990 1053 clauator
1009 1014 1184 1053 aduenit.
1495 1031 1534 1064 ²5

138 1081 207 1118 LA.
240 1079 336 1118 illud
358 1079 521 1130 quidem
542 1080 685 1130 edepol
707 1079 988 1118 tinnimentum
1010 1088 1067 1118 est
1088 1079 1258 1118 auribus.

137 1146 214 1183 DA.
244 1158 317 1196 age
336 1144 473 1195 accipe
493 1144 600 1183 illinc
621 1147 783 1183 alteram
800 1147 968 1193 clauam.
990 1147 1146 1195 Sparax.

134 1223 216 1260 age,
239 1211 337 1248 alter
356 1210 481 1258 istinc,
505 1211 603 1249 alter
624 1210 716 1248 hinc
738 1210 927 1249 adsistite.

134 1275 312 1314 adsistite
330 1276 461 1314 ambo.
521 1275 587 1314 sic.
646 1275 780 1314 audite
801 1275 987 1314 nunciam
1004 1290 1012 1313 :

48 1343 118 1377 810
136 1340 168 1379 si
188 1342 319 1379 hercle
338 1340 417 1379 illic
437 1340 522 1379 illas
542 1341 667 1380 hodie'
683 1341 807 1391 digito
827 1340 996 1391 tetigerit
1494 1357 1536 1390 30

136 1405 293 1454 inuitas,
313 1407 377 1444 nei
397 1406 527 1445 istunc
548 1406 631 1445 istis
652 1406 880 1444 inuitassitis

136 1485 261 1522 usque
280 1472 382 1510 adeo
402 1473 533 1510 donec
554 1484 633 1522 qua
653 1473 819 1510 domum
841 1472 956 1510 abeat
979 1471 1139 1520 nesciat,

135 1536 300 1587 periistis
321 1537 451 1576 ambo.
513 1536 543 1574 si
564 1535 780 1587 appellabit
801 1536 1041 1586 quempiam,

135 1615 207 1640 uos
228 1602 508 1652 respondetote
529 1601 643 1639 istinc
665 1601 825 1639 istarum
846 1601 975 1639 uicem
994 1616 1002 1647 ;

45 1671 112 1716 815
134 1667 195 1705 sin
215 1667 299 1718 ipse
318 1667 467 1706 abitere
488 1667 581 1705 hinc
602 1669 720 1714 uolet,
745 1675 936 1717 quantum
959 1675 1088 1718 potest
1490 1682 1527 1713 35

133 1734 332 1783 extemplo
352 1733 623 1783 amplectitote
644 1746 755 1770 crura
776 1732 954 1771 fustibus.

134 1800 205 1837 LA.
237 1798 356 1836 etiam
379 1812 441 1836 me
461 1798 570 1837 abire
591 1797 683 1836 hinc
705 1811 786 1836 non
807 1798 967 1837 sinent?
1026 1800 1101 1837 DA.
1135 1798 1213 1837 dixi
1237 1798 1338 1837 satis.

132 1871 172 1902 et
192 1863 259 1902 ubi
280 1863 343 1902 ille
363 1866 455 1901 cum
477 1876 543 1901 ero
564 1876 698 1901 seruos
719 1864 796 1901 huc
816 1863 1033 1910 aduenerst,

133 1929 200 1980 qui
222 1942 330 1968 erum
352 1928 568 1976 accersiuit,
592 1928 688 1967 itote
709 1929 908 1979 extemplo
928 1930 1105 1968 domum.

178 2044 240 2074 792
265 2034 439 2064 minitares
457 2033 490 2063 P
654 2043 715 2073 795
742 2044 782 2064 m.
803 2044 867 2073 ego
886 2033 967 2063 i2tas
984 2034 1014 2063 ss.
1036 2043 1101 2062 non
1121 2032 1206 2063 facio
1220 2031 1253 2062 P
1268 2037 1343 2073 <fro
1360 2034 1468 2065 minas

133 2088 198 2118 ego
216 2078 309 2118 istas,
330 2088 444 2108 versus
461 2078 686 2118 retractatione,
705 2078 855 2118 Seyffert)
1013 2078 1076 2116 796
1093 2086 1150 2107 eas
1164 2076 1197 2106 P
1336 2087 1395 2115 797
1421 2078 1470 2107 vel

133 2124 275 2162 tanges?
295 2122 550 2162 (intem’ogative)
684 2122 832 2161 798—844
857 2121 942 2151 deest
957 2120 989 2150 A
1118 2121 1179 2159 798
1204 2120 1322 2150 lacuna
1346 2121 1380 2149 in
1398 2122 1468 2158 fine

131 2176 252 2205 versus,
271 2165 336 2196 cod.
357 2177 364 2195 ι
387 2165 493 2205 suppl.
514 2165 578 2195 Leo
595 2177 601 2196 :
626 2166 710 2196 affer
725 2164 813 2207 <huc
830 2164 951 2207 domo>
968 2165 1050 2196 Rei:
1189 2165 1253 2194 802
1278 2164 1379 2194 fortet
1395 2164 1460 2196 cod.

131 2211 195 2250 805
220 2210 314 2240 uenit
326 2208 467 2248 Bentley,
481 2219 561 2240 nam
577 2220 676 2250 neque
693 2209 815 2249 e'depol
829 2212 946 2239 eccum
963 2219 1064 2248 neque
1080 2208 1232 2239 classator
1246 2207 1348 2247 dzsvll.
1363 2207 1465 2247 placet

131 2254 195 2284 808
219 2253 370 2284 accedite
389 2254 429 2292 (3)
450 2251 515 2283 Leo
628 2254 692 2292 815
717 2254 790 2284 sine
807 2253 880 2292 ipse
899 2253 986 2289 (sine
1005 2253 1089 2292 dpse
1105 2252 1148 2282 B*
1168 2251 1235 2283 cod.
1335 2252 1462 2282 abitere

132 2296 327 2327 Am'dalius:
352 2296 444 2327 abire
473 2296 537 2327 cod.
558 2296 661 2337 (abile
685 2296 750 2331 Bw
885 2297 947 2335 817
975 2297 1086 2327 sinent
1116 2295 1276 2336 Byladcsz
1305 2296 1462 2326 desinent

132 2340 199 2371 cod.
299 2341 361 2371 818
386 2350 506 2371 seruos
522 2350 596 2370 cum
611 2351 670 2371 ero
688 2341 752 2373 cod.
775 2352 782 2371 t
807 2340 878 2371 trat'.
894 2339 1029 2380 Seyffert
1126 2351 1183 2370 ero
1200 2338 1306 2382 (suo)
1324 2339 1463 2378 Pylades

132 2384 175 2415 ad
191 2382 297 2427 (uos)
315 2384 448 2414 uenerit
464 2383 592 2416 SchoeYl
