1747 2740
619 148 912 187 POENVLVS
1412 150 1442 186 I.
1464 149 1494 185 ii

113 262 188 299 Ao.
221 262 310 309 eho,
332 274 382 299 an
404 260 499 299 irata
519 262 606 299 est?
662 262 767 298 ΑΒΕ.
803 259 971 310 propitia
992 261 1122 299 hercle
1143 269 1211 299 est.
1273 263 1347 299 AG.
1383 263 1446 300 uel

984 339 1057 375 ego
1079 340 1148 375 pro
1169 326 1233 364 illa
1253 329 1443 377 spondeo.

25 407 92 444 335
114 391 210 443 quid
232 399 272 431 tu
293 392 380 430 ais?
426 393 530 430 ΑΒΕ.
554 391 651 442 quid
673 391 769 430 mihi
792 392 1002 437 molestu’s,
1027 393 1221 442 opsecro?
1260 394 1336 430 AG.
1358 394 1444 440 aha,

1157 465 1235 494 tam
1257 457 1446 496 saeuiter!

111 524 215 562 ADE.
244 523 365 570 mitte,
387 523 542 561 amabo.
602 525 677 561 AG.
702 522 799 573 quid
820 521 1010 561 festinas?
1039 522 1153 560 turba
1173 536 1279 560 nunc
1301 522 1354 560 illi
1376 531 1447 562 est.

1215 590 1319 626 ΑΒΕ.
1352 588 1445 627 scio.

112 661 203 692 sunt
223 653 276 691 illi
296 653 395 692 aliae
416 666 513 703 quas
534 660 712 704 spectare
732 666 806 703 ego
827 660 865 691 et
886 666 950 690 me
971 652 1138 703 spectari
1160 654 1262 691 uolo.
1468 671 1531 702 130

111 721 187 757 AG.
218 718 286 769 qui
306 719 415 757 lubet
436 726 612 769 spectare
632 717 765 768 turpis,
789 718 994 768 pulchram
1016 719 1272 768 spectandam
1294 720 1419 758 dare?

111 786 216 823 ΑΒΕ.
247 783 340 835 quia
365 785 473 835 apud
499 785 641 823 aedem
665 783 831 823 Veneris
863 783 984 822 hodie
1014 791 1073 822 est
1105 792 1298 823 mercatus
1327 798 1446 823 mere-

1289 850 1446 889 tricius:

22 927 92 963 340
110 928 159 954 eo
179 914 423 954 conueniunt
444 922 691 962 mercatoreS‚
715 914 768 952 ibi
789 928 862 964 ego
884 928 948 952 me
968 914 1125 953 ostendi
1147 917 1249 953 uolo.

110 983 187 1019 AG.
219 980 453 1019 inuendibili
476 980 595 1019 merci
616 988 771 1031 oportet
792 981 894 1018 ultro
915 988 1135 1030 emptorem
1157 982 1378 1020 adducere:

111 1046 236 1097 proba
267 1059 368 1085 mers
397 1045 510 1084 facile
542 1053 762 1096 emptorem
795 1044 949 1095 reperit,
979 1052 1059 1083 tam
1092 1045 1163 1083 etsi
1196 1045 1235 1083 in
1266 1056 1447 1096 apstruso
1472 1062 1530 1095 135

1325 1112 1445 1151 sitast.

112 1177 209 1228 quid
228 1176 285 1215 ais
305 1178 380 1215 tu?
409 1177 571 1227 quando
592 1176 647 1214 illi
667 1177 774 1226 apud
796 1189 860 1215 me
881 1189 1038 1214 mecum
1056 1178 1191 1227 palpas
1212 1185 1249 1215 et
1270 1179 1395 1216 lalas?

112 1245 217 1281 ADE.
248 1255 330 1293 quo
350 1241 414 1280 die
435 1242 563 1281 Orcus
583 1243 838 1281 Accherunte
859 1249 1035 1280 mortuos
1055 1242 1239 1281 amiserit.

24 1319 90 1356 345
113 1310 187 1346 AG.
219 1315 310 1346 sunt
331 1307 427 1345 mihi
447 1307 551 1346 intus
573 1307 807 1358 nescioquot
829 1307 981 1345 nummi
1002 1307 1107 1345 aurei
1129 1309 1368 1358 lymphatici.

111 1374 217 1411 ADE.
249 1373 401 1411 deferto
421 1373 472 1411 ad
494 1386 567 1420 me,
591 1374 680 1411 faxo
710 1380 887 1411 actutum
909 1372 1127 1411 constiterit
1147 1375 1443 1424 lymphaticum.

113 1439 186 1477 M1.
219 1438 364 1476 bellula
384 1438 514 1476 hercle
532 1441 538 1476 1
569 1437 580 1475 i
602 1437 774 1476 dierecte
795 1437 835 1475 in
856 1451 1081 1476 maxumam
1103 1440 1247 1477 malam
1264 1453 1421 1479 crucem
1439 1445 1445 1480 1
1470 1458 1532 1490 140

111 1519 230 1556 quam
252 1505 375 1555 magis
395 1514 568 1556 aspecto,
587 1514 667 1544 tam
685 1506 808 1557 magis
825 1514 884 1544 est
900 1506 1076 1545 nimbata
1097 1514 1135 1545 et
1155 1520 1282 1557 nugae
1304 1521 1444 1546 merae.

112 1573 216 1610 ADE.
251 1584 410 1622 segrega
442 1584 678 1610 sermonem.
740 1573 882 1610 taedet.
943 1573 1018 1610 Ac.
1051 1585 1133 1622 age,
1171 1574 1333 1611 sustolle
1370 1574 1446 1612 hoc

1218 1638 1444 1677 amiculum.

25 1712 94 1748 350
114 1705 217 1741 ΑΒΕ.
236 1715 333 1752 pura
346 1716 445 1750 sum,
461 1716 670 1753 comperce
682 1704 827 1742 amabo
845 1717 908 1742 me
924 1710 1140 1750 attrectare,
1158 1706 1444 1754 Agorastocles.

113 1769 190 1807 AG.
220 1768 316 1818 quid
346 1782 458 1818 agam
491 1770 626 1807 nunc?
684 1771 790 1807 Ama.
822 1768 852 1806 si
882 1768 1021 1819 sapias,
1041 1782 1174 1807 curam
1197 1770 1299 1807 hanc
1321 1771 1447 1809 facere

1069 1835 1282 1885 compendi
1305 1843 1445 1885 potest.

112 1901 187 1938 AG.
209 1899 305 1950 quid
327 1913 400 1950 ego
422 1913 527 1938 nunc
548 1907 587 1938 te
607 1902 771 1938 curem?
800 1900 897 1950 quid
918 1900 984 1946 ais,
1006 1900 1207 1950 Milphio?
1256 1902 1328 1938 Mr.
1353 1914 1446 1940 ecce
1470 1917 1529 1949 145

1129 1966 1265 2004 odium
1288 1980 1421 2004 meum
1439 1970 1445 2004 ἔ

112 2029 207 2081 quid
230 2044 293 2069 me
314 2030 403 2068 uis?
470 2032 544 2068 AG.
578 2043 651 2080 qur
672 2030 724 2068 mi
747 2031 845 2069 haec
867 2030 961 2069 irata
984 2033 1071 2070 est?
1145 2033 1217 2068 M1.
1255 2044 1328 2081 qur
1348 2033 1445 2070 haec

1151 2096 1247 2134 irata
1268 2104 1324 2134 est
1347 2096 1446 2135 tibi?

75 2161 80 2165 ’
112 2175 185 2212 qur
204 2175 278 2211 ego
299 2161 338 2200 id
360 2163 523 2199 curem?
552 2174 724 2211 namque
745 2161 863 2200 istaec
890 2161 1002 2211 magi'
1025 2170 1148 2200 meast
1169 2162 1351 2200 curatio?

157 2277 221 2306 334
243 2267 332 2298 Ans.
349 2269 533 2306 suspectum
548 2267 602 2307 (cs.
617 2265 737 2297 Gellius
751 2277 799 2304 11,
811 2268 848 2304 6)
925 2277 990 2306 340
1014 2278 1077 2306 ego
1088 2278 1153 2297 om.
1170 2267 1202 2296 A
1288 2277 1352 2306 342
1377 2273 1442 2298 tam

113 2311 193 2352 etsi]
212 2317 317 2342 tarem
335 2316 385 2341 est
403 2316 435 2341 et
449 2311 476 2340 si
495 2310 527 2340 P
541 2312 618 2350 (pro
630 2312 808 2341 tamenetsi
824 2311 849 2350 3)
932 2312 963 2341 in
982 2311 1113 2341 occulto
1131 2312 1227 2341 sitast
1241 2311 1273 2340 A
1379 2321 1443 2350 343

114 2365 198 2387 mec.
212 2360 311 2395 caput
329 2359 362 2385 et
373 2363 496 2393 corpus
510 2354 647 2393 copulas
660 2354 692 2384 P
748 2354 842 2385 lallas
859 2354 891 2383 A
982 2365 1042 2393 341
1070 2355 1112 2384 ab
1129 2365 1157 2384 a.
1173 2354 1203 2384 P
1249 2355 1403 2385 amiseris
1415 2355 1448 2385 P

114 2408 176 2438 345
201 2399 291 2429 intus
307 2409 372 2429 om.
390 2398 421 2427 A
514 2398 618 2428 laurei
649 2397 681 2427 A
772 2407 833 2436 347
852 2398 882 2427 ei
899 2398 931 2427 A
952 2399 1104 2437 <antiqua
1117 2400 1249 2436 jormal
1269 2410 1274 2428 :
1302 2397 1418 2441 (Ac.)
1435 2400 1442 2429 i

114 2442 189 2472 Ital.
310 2452 370 2481 351
399 2447 495 2481 potes
521 2440 593 2471 Ital.
614 2441 719 2479 :forL
738 2447 816 2480 pote
943 2452 1005 2480 352
1031 2453 1096 2472 non
1115 2442 1288 2471 Acidalius
1375 2442 1441 2485 ais]

114 2496 193 2524 agas
210 2485 243 2516 P
342 2495 404 2527 354
429 2485 478 2515 vel
492 2495 568 2517 nam
585 2484 670 2525 quae'
687 2496 692 2514 :
718 2495 792 2516 nam
811 2485 866 2529 qui
885 2484 1009 2516 Ritsclzl
1096 2486 1145 2516 vel
1161 2495 1257 2524 mage
