1747 2740
626 116 1034 154 MOSTELLARIA
1444 116 1498 153 11.
1523 115 1553 151 ii

166 229 244 266 TH.
287 241 408 278 quam
442 228 494 265 ob
527 228 639 265 rem?
678 233 746 265 aut
776 240 898 277 quarn
924 226 1056 265 subito
1083 240 1165 265 rem
1193 227 1289 265 mihi
1316 228 1501 278 adportas
1522 240 1561 272 35

1326 306 1472 332 nouam
1486 295 1503 332 ?

166 360 242 397 ΤΚ.
275 366 313 397 et
334 360 441 406 hem,
466 358 557 396 iube
579 358 665 396 illos
687 357 794 396 illinc
813 358 934 396 ambo
954 359 1178 408 apscedere.

165 425 245 461 TH.
276 423 488 474 apscedite.
547 425 623 461 ΤΚ.
656 423 765 461 aedis
787 437 837 461 ne
856 423 1038 474 attigatis.
1097 424 1244 474 tangite

165 502 236 526 uos
253 502 413 538 quoque
426 497 578 527 terram.
619 490 699 526 ΤΗ.
723 502 889 538 opsecro
903 489 1044 535 hercle,
1060 488 1156 538 quin
1172 491 1357 538 eloquere
1371 488 1498 542 (rem).

77 563 148 596 470
165 556 241 591 TR.
274 553 366 603 quia
386 562 538 604 septem
559 567 715 592 menses
736 561 828 592 sunt
849 567 970 603 quom
991 553 1031 591 in
1053 555 1171 592 hasce
1190 555 1299 593 aedis
1320 556 1464 604 pedem

166 632 285 657 nemo
305 619 407 657 intro
428 619 567 666 tetulit,
590 621 713 657 semel
733 627 776 657 ut
797 619 1086 669 emigrauimus.
1519 634 1564 666 40

165 686 243 722 ΤΗ.
277 686 471 734 eloquere,
495 684 592 735 quid
612 684 694 723 ita?
732 686 808 723 TR.
842 684 1210 735 Circumspicedum,
1234 686 1422 736 numquis
1443 694 1501 725 est

164 763 388 788 sermonem
409 758 587 788 nostrum
609 750 678 801 qui
697 752 899 800 aucupet?
947 752 1026 789 ΤΗ.
1059 758 1188 789 tutum
1210 752 1380 802 probest.

163 817 239 853 TR.
272 815 531 866 circumspice
551 816 681 855 etiam.
741 818 821 855 TH.
854 830 974 854 nemo
995 824 1062 854 est.
1122 818 1284 867 loquere
1300 817 1498 856 nunciam.

75 887 142 923 475
164 882 240 919 TR.
273 880 441 931 capitale
461 883 580 920 scelu'
596 883 793 920 factumst.
852 883 933 919 TH.
965 881 1062 932 quid
1083 883 1171 920 est?
1200 883 1281 920 non
1302 882 1498 933 intellego.

162 947 239 984 ΤΚ.
272 948 409 994 scelus,
434 946 609 997 inquam,
632 948 780 986 factum
802 955 860 986 est
885 946 962 984 iarn
984 946 1064 994 diu,
1086 947 1293 998 antiquom
1314 956 1353 986 et
1373 956 1499 986 uetus.
1521 961 1561 993 45

162 1013 242 1050 ΤΗ.
274 1011 512 1062 antiquom?
555 1014 631 1051 TR.
664 1012 706 1051 id
725 1013 828 1050 adeo
848 1025 922 1050 nos
943 1025 1050 1050 nunc
1070 1013 1219 1050 factum
1240 1012 1477 1051 inuenimus.

162 1077 242 1114 ΤΗ.
274 1076 372 1126 quid
392 1077 492 1116 istuc
514 1081 597 1116 †est
617 1078 838 1116 sceleste†?
866 1085 934 1115 aut
954 1076 1042 1127 quis
1063 1076 1104 1115 id
1124 1077 1246 1116 fecit?
1274 1079 1386 1116 cedo.

163 1145 238 1181 TR.
272 1144 417 1193 hospes
438 1143 596 1182 necauit
616 1143 815 1193 hospitem
836 1150 998 1193 captum
1021 1156 1140 1181 manu
1157 1158 1167 1191 ;

74 1214 145 1257 480
162 1208 247 1255 iste,
270 1216 313 1247 ut
333 1221 406 1258 ego
427 1208 578 1259 opinor,
601 1208 669 1259 qui
690 1209 760 1246 has
782 1207 852 1246 tibi
874 1207 983 1246 aedis
1005 1207 1196 1246 uendidit.

161 1275 241 1311 ΤΗ.
274 1273 461 1312 necauit?
503 1275 580 1312 TR.
611 1286 832 1329 aurumque
853 1272 889 1311 ei
909 1272 1058 1311 ademit
1078 1272 1224 1322 hospiti
1522 1289 1565 1321 50

161 1352 334 1389 eumque
354 1340 418 1377 hic
439 1338 591 1378 defodit
612 1338 811 1389 hospitem
832 1338 981 1377 ibidem
1004 1337 1043 1376 in
1064 1338 1241 1376 aedibus.

161 1405 241 1442 ΤΗ.
274 1412 513 1454 quapropter
532 1404 573 1442 id
594 1417 666 1442 uos
686 1405 834 1442 factum
856 1403 1140 1454 suspicamini?

163 1470 239 1507 TR.
272 1482 345 1519 ego
365 1468 507 1517 dicam,
530 1470 718 1507 ausculta.
778 1471 821 1507 ut
842 1470 934 1506 foris
954 1476 1164 1507 cenauerat

75 1535 141 1580 485
162 1536 243 1573 tuo'
262 1542 414 1584 gnatus,
438 1542 649 1584 postquam
670 1534 785 1573 rediit
805 1547 829 1572 a
849 1547 948 1572 cena
969 1535 1146 1581 domum,

160 1599 316 1638 abimus
338 1612 477 1637 omnes
498 1599 702 1647 cubitun13
731 1598 1097 1638 condormiuimus:
1520 1617 1560 1650 55

160 1666 363 1703 lucernam
384 1665 483 1702 forte
505 1664 651 1703 oblitus
673 1665 823 1702 fueram
846 1664 1091 1714 exstinguere
1107 1679 1116 1712 3

160 1739 280 1781 atque
301 1731 365 1769 ille
386 1731 579 1768 exclamat
600 1731 814 1780 derepente
835 1744 1077 1768 maxumum.

161 1798 241 1834 ΤΗ.
273 1795 361 1846 quis
383 1797 535 1834 homo?
563 1808 613 1833 an
638 1804 779 1845 gnatus
802 1797 943 1834 meus?
999 1797 1076 1833 TR.
1114 1800 1171 1834 st!
1202 1804 1300 1844 tace,
1322 1798 1500 1835 ausculta

1363 1863 1495 1901 modo.

73 1939 143 1973 490
160 1927 213 1966 ait
234 1926 390 1965 uenisse
412 1926 520 1964 illum
542 1926 582 1964 in
604 1926 752 1965 somnis
773 1928 824 1966 ad
845 1940 887 1965 se
909 1934 1118 1965 mortuom.

159 1995 238 2031 ΤΗ.
271 2007 416 2043 nempe
437 2006 528 2042 ergo
550 1992 588 2030 in
610 1993 790 2031 somnis?
838 1995 915 2032 TR.
948 1992 1014 2031 ita.
1071 1994 1141 2031 sed
1162 1994 1340 2031 ausculta
1361 1994 1493 2032 modo.
1515 1997 1560 2030 60

202 2099 263 2138 467
289 2098 387 2128 ambo
404 2097 570 2138 Scaltger:
595 2098 714 2129 amabo
731 2098 796 2130 cod.
926 2099 989 2137 468
1016 2098 1142 2137 atigate
1159 2097 1225 2128 cod.
1245 2109 1253 2129 ε
1276 2098 1392 2136 attigat
1409 2097 1497 2130 codd.

158 2141 329 2172 Diomedis
344 2142 409 2181 382
499 2144 564 2181 469
588 2152 659 2172 rem
687 2142 763 2173 add.
792 2142 896 2174 Bothe
993 2152 1056 2181 473
1084 2152 1278 2172 sermonum
1308 2141 1372 2172 cod.
1403 2144 1497 2178 (corr.

159 2184 222 2219 B2)
351 2195 413 2225 475
439 2186 615 2225 rhythmus
627 2186 766 2226 displicet
855 2186 987 2224 capitali
1006 2186 1118 2216 scedis
1135 2185 1304 2225 (capitalis
1319 2186 1420 2216 cedes
1434 2184 1497 2224 32)

161 2229 248 2260 facta
268 2235 320 2260 est
344 2229 408 2260 cod.
428 2241 435 2260 ε
459 2240 538 2260 corr.
565 2228 671 2267 Goet5‚
696 2229 823 2260 Schoell
979 2231 1042 2268 478
1067 2234 1118 2260 est
1143 2229 1277 2259 scelesti
1302 2228 1500 2260 Dissaldeus

161 2273 234 2312 (sed
255 2274 388 2304 istuc'st
410 2273 585 2313 dubium):
612 2280 663 2305 est
687 2274 826 2304 sceleris
850 2273 1011 2314 Spengel:
1039 2273 1172 2303 scelesti
1198 2278 1250 2303 est
1275 2273 1379 2308 (-tist‘=
1397 2272 1499 2303 Bothe

161 2327 226 2356 479
250 2318 389 2357 negauit
405 2316 469 2366 cod.
491 2319 582 2367 (tcorr5
596 2316 657 2358 ΒΞ)
748 2318 812 2356 480
836 2317 885 2348 vel
898 2318 1003 2356 opino
1057 2317 1132 2390 dhas
1149 2316 1207 2346 tibi
1224 2317 1297 2367 Ital.
1313 2328 1318 2347 :
1346 2317 1498 2347 hastibus

160 2360 225 2443 22⁰2
247 2362 385 2435 aut‘ssffb.
405 2359 642 2441 ffssssfffissss‘s'
666 2366 699 2391 et
716 2360 788 2443 ‘552
811 2360 1269 2443 gubit⁸u²mec¹20ssf²12052rrssff³
1304 2360 1340 2399 ss'
1354 2360 1496 2444 ⁰2⁸8?ss

162 2447 394 2479 Camerarius:
413 2449 439 2478 si
458 2447 522 2479 cod.
539 2448 614 2480 (sed
628 2447 691 2489 Bss)
710 2449 746 2486 (i.
765 2449 795 2483 8,
815 2458 845 2489 p.
861 2450 917 2487 27)
1007 2457 1070 2486 490
1094 2448 1135 2478 ad
1151 2458 1188 2477 se
1200 2446 1248 2477 132
1265 2460 1271 2477 :
1296 2447 1491 2479 adessocod.
