1747 2740
602 155 1017 194 TRVCVLENTVS
1428 155 1483 192 ΙΙ.
1503 164 1535 191 v

304 267 454 304 nullam
474 279 557 304 rem
578 272 735 315 oportet
755 266 894 304 dolose
913 262 1109 315 adgrediri

304 330 378 369 nisi
398 338 527 369 astute
546 338 810 380 accurateque
830 343 1054 380 exsequare.

249 403 405 434 uosmet
425 395 503 433 iam
524 395 668 434 uidetis
690 403 732 434 ut
753 403 891 434 ornata
910 395 1055 434 incedo
1075 410 1082 434 :

249 461 456 512 puerperio
477 475 550 512 ego
571 476 678 500 nunc
698 463 792 500 med
812 475 898 500 esse
917 475 1074 511 aegram
1094 461 1302 500 adsimulo.
1502 474 1538 506 15

52 530 119 575 465
142 528 244 565 male
264 528 374 577 quod
395 527 533 566 mulier
552 528 680 566 facere
700 526 858 577 incepit,
882 526 957 564 nisi
977 525 1053 578 (id)
1072 527 1236 564 ecficere
1256 533 1466 576 perpetrat,

141 591 182 630 id
203 591 257 629 illi
278 592 429 639 morbo,
452 592 493 631 id
513 592 567 630 illi
588 592 747 639 seniost,
771 606 818 631 ea
837 591 891 630 illi
913 591 1078 630 miserae
1100 591 1291 629 miseriast
1309 605 1319 638 ‚-

141 658 245 696 bene
265 656 296 696 si
317 659 444 697 facere
464 657 621 708 incepit,
645 657 729 696 eius
750 657 804 696 rei
824 657 933 695 nimi'
954 657 1033 695 cito
1054 656 1191 695 odium
1212 656 1388 707 percipit.

142 722 249 760 nimi'
263 737 383 774 quarn
397 737 546 773 paucae
559 731 650 762 sunt
663 725 842 762 defessae
856 725 958 761 male
971 736 1073 773 quae
1086 723 1214 760 facere
1227 729 1478 772 occeperunt,

141 788 330 838 nimi'que
350 802 500 840 paucae
519 789 705 828 ecficiunt
725 788 757 827 si
778 788 875 839 quid
896 790 1024 827 facere
1044 796 1285 838 occeperunt
1306 788 1408 826 bene
1427 802 1434 825 :
1503 802 1544 824 20

54 864 123 900 470
142 853 295 892 mulieri
316 854 440 892 nimio
460 856 562 893 male
582 855 709 893 facere
730 854 870 893 melius
892 868 993 892 onus
1014 862 1072 892 est
1093 867 1212 904 quam
1234 854 1348 892 bene.

141 932 214 969 ego
247 920 356 969 quod
391 920 493 957 mala
527 933 625 966 sum,
663 919 796 957 matris
827 932 948 969 opera
993 920 1096 956 mala
1130 932 1217 956 sum
1253 927 1291 957 et
1326 925 1483 969 meapte

1321 984 1483 1033 malitia,

141 1065 243 1102 quae
264 1065 327 1090 me
347 1051 550 1102 grauidam
571 1066 657 1090 esse
677 1051 916 1090 adsimulaui
938 1051 1051 1089 militi
1073 1051 1319 1101 Babylonio:

141 1131 228 1155 eam
250 1130 356 1155 nunc
377 1116 566 1155 malitiam
586 1125 811 1155 accuratam
833 1117 945 1155 miles
966 1117 1143 1155 inueniat
1164 1119 1267 1155 uolo.

142 1182 173 1220 is
201 1182 264 1221 hic
295 1184 372 1220 hau
402 1184 527 1221 multo
556 1190 656 1233 post,
680 1183 812 1230 credo,
835 1182 960 1221 aderit
978 1198 987 1231 3
1017 1197 1124 1221 nunc
1146 1182 1242 1233 priu'
1263 1196 1483 1233 praecaueo
1506 1193 1544 1226 25

1357 1248 1484 1287 sciens

55 1326 122 1363 475
144 1317 340 1363 †eumque
361 1316 542 1352 o'rnatum
564 1321 607 1352 ut
626 1313 813 1365 grauida†
836 1313 948 1364 quasi
970 1314 1178 1365 puerperio
1200 1315 1355 1353 cubem.

143 1380 235 1418 date
270 1378 323 1416 mi
355 1380 432 1418 huc
464 1387 629 1418 stactam
663 1387 783 1430 atque
817 1379 949 1429 ignem
989 1379 1029 1418 in
1068 1394 1187 1426 aram,
1224 1388 1265 1418 ut
1298 1393 1485 1418 uenerem

1125 1445 1317 1484 Lucinam
1342 1459 1481 1483 meam.

143 1509 207 1548 hic
227 1510 415 1559 apponite
435 1519 555 1561 atque
575 1510 682 1549 abite
701 1511 753 1549 ab
775 1510 910 1550 oculis.
972 1513 1060 1558 eho,
1086 1511 1307 1549 Pithecium
1329 1513 1334 1548 1

143 1576 227 1613 face
248 1583 289 1613 ut
310 1577 556 1623 accumbam,
573 1577 730 1623 accede,
746 1576 891 1615 adiuta.
944 1590 1007 1615 em
1029 1578 1085 1615 sic
1106 1577 1221 1614 decet
1238 1589 1481 1626 puerperam.

142 1642 269 1679 soleas
291 1640 386 1678 mihi
407 1642 573 1689 deduce,
597 1641 758 1692 pallium
782 1641 884 1680 inice
905 1641 945 1680 in
967 1656 1030 1680 me
1051 1643 1145 1689 huc,
1164 1640 1346 1679 Archilis.
1505 1653 1546 1683 30

187 1748 248 1786 461
275 1746 398 1790 (narn)
431 1747 554 1779 nullam
590 1747 745 1788 Spengel.
778 1751 816 1778 ut
848 1748 972 1788 integer
1002 1749 1188 1778 tetrameter
1208 1746 1276 1786 fiat
1296 1758 1303 1777 :
1340 1757 1385 1777 an
1417 1757 1482 1777 non

144 1791 257 1823 ullam?
285 1792 355 1831 (vii,
376 1802 407 1831 p.
426 1792 485 1831 99)
620 1793 683 1830 462
709 1793 773 1822 nisi
791 1790 864 1834 (si)
882 1791 994 1826 Bothe,
1020 1795 1058 1821 ut
1079 1791 1203 1830 integer
1225 1791 1487 1829 tetrmucterfiat

145 1842 219 1867 astu
237 1836 336 1866 docte
353 1845 424 1867 acc.
441 1835 570 1867 Schoell
657 1846 849 1876 exsequere
866 1836 931 1866 cod.
949 1847 954 1867 ε
981 1846 1062 1866 corr.
1084 1835 1158 1865 Ital.
1274 1837 1337 1873 463
1363 1834 1485 1865 uidetis

143 1878 241 1922 (me)
270 1878 404 1911 Mueller
559 1881 622 1920 464
647 1890 758 1911 essem
786 1879 852 1911 cod.
1009 1880 1072 1920 465
1108 1879 1140 1910 id
1169 1878 1244 1909 add.
1273 1878 1486 1908 Camerarius

144 1925 209 1963 466
242 1924 392 1955 morbost
419 1923 562 1965 Spengel
647 1924 743 1955 senio
766 1925 845 1965 (om.
875 1924 943 1965 est)
971 1923 1004 1953 Β
1160 1925 1222 1962 467
1248 1923 1275 1953 si
1300 1923 1387 1953 bene
1411 1922 1486 1952 PCD

144 1969 217 1998 eius
235 1968 325 1998 enim
342 1968 427 1999 scito
447 1968 528 2007 (cito
545 1967 636 2010 PCD)
653 1969 718 2000 cod.
739 1980 745 1999 ε
770 1980 849 2000 corr.
878 1968 1022 2009 Spengel
1162 1968 1226 2006 468
1250 1977 1348 2006 quam
1369 1966 1483 1996 Came-

145 2013 256 2043 rarius
271 2023 278 2042 t
302 2023 389 2051 quae
407 2011 473 2043 cod.
573 2017 775 2052 occeperent
792 2013 859 2044 cod.
879 2015 910 2044 ἰζ
925 2024 949 2043 e.
973 2012 1055 2043 -rint
1067 2011 1092 2051 2)
1253 2012 1316 2048 469
1342 2019 1483 2049 occepe-

144 2062 223 2087 runt
240 2056 337 2095 (—rint
354 2055 443 2088 PCD)
461 2057 549 2087 bene
575 2056 685 2088 facere
710 2057 799 2089 confi:
836 2059 906 2088 tras.
928 2057 1033 2087 Bothe
1169 2066 1233 2094 470
1258 2054 1378 2085 melius
1396 2063 1483 2084 onus

141 2099 283 2140 displicet
372 2099 482 2131 leuius
504 2100 579 2131 Ital.
598 2112 605 2131 z
637 2101 773 2132 mollius
790 2101 923 2141 Bentley
1015 2106 1067 2132 est
1095 2110 1180 2131 onus
1197 2099 1274 2129 ΡΟ)
1290 2110 1296 2129 :
1329 2107 1414 2137 opus
1431 2101 1483 2128 est

142 2143 292 2183 Scaliger
421 2153 484 2183 474
509 2144 538 2175 is
556 2145 609 2174 hic
631 2145 753 2176 Weise:
779 2145 854 2175 istic
879 2145 945 2177 cod.
1042 2154 1228 2184 praecaueo
1247 2141 1482 2174 Camerarius:

143 2197 244 2226 prece
256 2198 360 2218 caneo
373 2187 441 2219 cod.
556 2198 619 2227 475
645 2189 795 2228 Sumque
808 2194 927 2220 ornata
945 2191 990 2220 ita
1008 2194 1043 2219 ut
1061 2198 1164 2226 aegra
1183 2188 1302 2217 uidear
1312 2184 1486 2216 Buecheler

143 2241 229 2270 puer
249 2230 464 2271 perlocubem
488 2231 553 2262 cod.
721 2235 785 2271 476
809 2238 950 2264 stactam
980 2232 1215 2263 Culum-arius:
1243 2232 1384 2261 eiectam
1411 2228 1478 2259 cod.

142 2275 303 2306 benerem
322 2275 467 2305 iucinam
483 2276 643 2313 (uicinam
659 2276 746 2316 PCD)
765 2276 831 2307 cod.
851 2288 857 2306 z
882 2288 960 2307 corr.
982 2276 1169 2307 Saracenas
1299 2285 1361 2313 477
1389 2284 1406 2303 e
1425 2273 1480 2312 opi

143 2318 274 2349 hecium
297 2319 500 2358 (opihetium
514 2318 603 2352 1³0³>
621 2319 687 2351 cod.
796 2321 860 2359 478
884 2321 1038 2351 adiutare
1056 2320 1103 2350 sic
1120 2318 1185 2349 cod.
1206 2331 1211 2349 :
1238 2330 1316 2349 corr.
1338 2317 1477 2355 Parcus,

141 2361 279 2402 quffert
346 2373 546 2402 puerperam
563 2363 637 2395 Ital.
658 2375 664 2394 ι
683 2364 778 2403 pueri
797 2374 889 2394 eram
907 2364 972 2395 cod.
1082 2374 1147 2404 479
1172 2363 1302 2393 deduce
1324 2362 1478 2402 chpert:

142 2406 228 2436 duce
245 2405 312 2437 cml.
404 2406 491 2437 inice
509 2406 583 2437 Ital.
603 2418 610 2437 ι
635 2407 756 2438 minice
772 2407 839 2438 cod.

187 2492 306 2513 PLAvT.
325 2492 349 2514 11
1348 2484 1390 2513 33
