1747 2740
188 151 267 192 111.

235 468 274 503 40

231 866 271 897 45

232 1193 273 1226 50

232 1581 273 1614 55

291 152 306 191 i
712 151 759 189 T.
792 150 974 191 MACCI
1007 150 1211 190 PLAVTI

293 261 393 301 inest
415 260 454 300 in
475 262 551 300 hoc
573 259 801 299 emussitata
822 273 892 299 sua
912 259 987 299 sibi
1008 260 1179 311 ingenua
1200 259 1364 299 indoles.

293 328 360 365 PL.
383 328 450 377 pol
470 326 511 365 id
531 325 694 376 quidem
715 324 892 376 experior
912 325 966 363 ita
985 339 1071 364 esse
1092 333 1133 364 ut
1154 325 1367 376 praedicas,
1392 325 1605 366 Palaestrio
1620 341 1631 375 ;

293 405 384 430 nam
406 391 627 441 benignitas
649 389 812 440 quidem
833 390 965 428 huiius
987 390 1136 440 oppido
1157 390 1491 430 adulescentulist.

294 459 362 496 PE.
386 457 519 504 immo,
542 457 697 506 hospes,
717 455 831 506 magi'
851 469 973 505 quom
995 455 1183 506 periclum
1204 455 1333 503 facies,
1357 455 1470 507 magi'
1490 470 1631 496 nosces
1649 460 1717 504 635

1501 535 1630 560 meam

292 588 519 628 comitatem
541 601 630 638 erga
651 594 689 626 te
709 594 921 626 amantem.
983 589 1049 625 PL.
1083 587 1179 637 quid
1200 600 1300 637 opus
1321 595 1415 626 nota
1436 600 1598 626 noscere
1615 588 1632 626 ?

294 655 363 692 PE.
387 661 428 692 ut
444 654 550 704 apud
567 661 604 691 te
621 654 844 703 exemplum
862 651 1092 702 experiundi
1114 652 1271 698 habeas,
1295 665 1346 691 ne
1367 651 1490 693 †itas†
1510 651 1602 690 foris
1620 666 1631 700 3

294 732 387 757 nam
408 718 481 757 nisi
502 717 569 768 qui
591 717 673 768 ipse
693 717 841 755 amauit
862 731 976 768 aegre
996 716 1164 756 amantis
1184 716 1385 767 ingenium
1407 716 1565 768 inspicit
1584 732 1592 755 z

293 791 332 822 et
352 797 425 834 ego
445 783 588 822 amoris
608 782 854 833 aliquantum
875 782 1005 821 habeo
1021 781 1248 833 umorisque
1264 781 1382 821 etiam
1403 781 1443 821 in
1463 796 1627 834 corpore
1646 785 1747 830 639-ae

294 849 522 898 nequedum
544 847 674 886 exarui
695 862 741 886 ex
760 847 939 886 amoenis
960 847 1077 886 rebus
1097 855 1135 885 et
1155 846 1396 898 uoluptariis.

294 916 357 953 uel
378 914 580 953 cauillator
602 915 751 952 facetus
773 915 836 952 uel
857 912 1030 952 conuiua
1049 914 1286 952 commodus

293 980 387 1019 item
408 994 475 1019 ero
496 994 625 1031 neque
646 994 719 1030 ego
741 980 950 1019 oblocutor
971 993 1057 1018 sum
1078 979 1187 1018 alteri
1209 979 1248 1017 in
1270 978 1482 1019 conuiuio:

293 1047 621 1086 incommoditate
642 1046 840 1097 apstinere
863 1060 926 1086 me
946 1047 1053 1097 apud
1075 1045 1265 1085 conuiuas
1286 1046 1504 1085 commodo

295 1112 551 1152 commemini
571 1120 609 1151 et
630 1126 760 1151 meam
781 1111 969 1151 orationis
991 1111 1133 1150 iustam
1154 1119 1303 1161 partem
1325 1110 1508 1162 persequi
1648 1119 1715 1164 645

294 1186 332 1217 et
354 1191 483 1217 meam
505 1178 654 1228 partem
677 1177 813 1216 itidem
836 1185 976 1224 tacere,
1000 1190 1122 1227 quom
1144 1176 1273 1215 aliena
1293 1184 1351 1216 est
1372 1177 1522 1225 orati03

293 1243 455 1282 minime
477 1249 662 1293 sputator‚
688 1249 859 1281 screator
880 1255 978 1289 sum,
1004 1241 1140 1280 itidem
1163 1241 1326 1280 minime
1347 1241 1529 1281 mucidus
1548 1256 1556 1281 :

293 1316 382 1360 post
422 1307 571 1358 Ephesi
607 1320 693 1345 sum
726 1314 853 1354 natus,
890 1320 971 1345 non
1006 1306 1112 1345 enim
1145 1306 1184 1344 in
1217 1306 1357 1357 Apulis
1372 1321 1382 1355 3
1424 1320 1505 1346 non
1540 1320 1628 1346 sum

1426 1371 1625 1411 Animula.

298 1441 366 1477 PA.
396 1452 420 1477 o
441 1437 616 1489 lepidum
638 1436 886 1483 semisenem,
909 1436 940 1474 si
961 1449 1059 1486 quas
1081 1444 1272 1475 memorat
1293 1436 1455 1475 uirtutes
1476 1437 1607 1485 habet,

295 1512 414 1554 atque
435 1504 621 1553 equidem
643 1504 759 1552 plane
779 1503 992 1540 educatum
1015 1501 1054 1539 in
1076 1501 1271 1540 nutricatu
1292 1501 1488 1540 Venerio!
1647 1506 1717 1551 650

297 1570 365 1607 PE.
399 1570 486 1619 plus
507 1568 612 1606 dabo
633 1580 752 1617 quam
774 1566 1014 1617 praed-ica-bo
1035 1580 1080 1604 ex
1102 1580 1165 1605 me
1186 1566 1402 1605 uenustatis
1422 1565 1505 1605 tibi.

300 1647 429 1683 neque
451 1647 523 1684 ego
544 1636 735 1684 nmquam
756 1634 929 1672 alienum
951 1641 1123 1672 scortum
1146 1633 1316 1683 subigito
1338 1632 1377 1670 in
1398 1631 1586 1670 conuiuio

337 1740 401 1778 634
426 1737 700 1770 adolescentules
720 1737 781 1778 (ΛΟ
800 1736 940 1776 PCDffl)
960 1736 1048 1769 cod.:
1076 1747 1154 1769 corr.
1176 1736 1409 1769 Camermius:
1434 1738 1480 1769 -la
1497 1744 1549 1770 cst
1564 1737 1630 1770 Lto

294 1784 358 1822 635
391 1783 440 1813 vel
479 1793 575 1822 mage
594 1806 600 1813 .
621 1807 627 1813 .
647 1806 653 1812 .
675 1792 772 1821 mage
892 1791 966 1812 mea
998 1780 1063 1812 cod.
1214 1783 1280 1821 636
1319 1782 1509 1813 comitatem
1549 1793 1630 1823 erga

296 1826 530 1857 Camerarius:
562 1826 745 1856 comitante
778 1835 891 1856 merce
921 1824 987 1857 cod.
1079 1825 1130 1856 vel
1153 1830 1255 1865 opust
1344 1829 1420 1856 ante
1441 1827 1504 1865 637
1531 1827 1629 1858 talem

295 1870 488 1901 sementiam
512 1869 707 1900 intercidisse
729 1869 854 1899 comecit
875 1869 1018 1899 Rttschl:
1047 1879 1123 1900 nam
1144 1870 1252 1909 ipsum
1276 1879 1408 1900 amasse
1431 1874 1576 1910 oportet,
1602 1871 1629 1901 si

296 1914 421 1945 amanti
449 1914 495 1944 ire
523 1913 723 1954 opitulatum
751 1913 847 1944 uoles
995 1914 1058 1952 637
1083 1918 1118 1943 te
1137 1911 1206 1944 32:
1233 1923 1299 1943 om.
1324 1912 1391 1944 cod.
1483 1923 1526 1944 ne
1548 1913 1627 1956 itas]

626 1966 654 1989 gi

298 1992 396 2031 negis
413 1991 489 2021 PCD
509 1992 589 2032 (pro
603 1991 723 2030 neitas,
743 1991 762 2022 i.
777 2001 800 2022 e.
820 1990 930 2021 neitas
946 2001 1024 2022 corr.
1040 1990 1171 2030 negitas
1182 1990 1209 2031 ἶ)
1297 1990 1354 2022 vix
1370 2001 1414 2022 ne
1430 1989 1518 2022 bitas
1537 1991 1627 2023 foras

299 2036 351 2075 (cs.
374 2034 421 2065 ad
437 2035 516 2074 869)
649 2036 715 2073 638
740 2034 804 2064 nisi
826 2034 1006 2065 Gruterus:
1030 2035 1095 2074 ipsi
1113 2034 1178 2065 cod.
1205 2038 1242 2064 ut
1262 2034 1326 2066 vt'd.
1461 2035 1538 2074 639.
1561 2037 1627 2073 640

300 2078 387 2121 [me]
403 2079 502 2109 ctiam
525 2078 590 2110 cod.
606 2090 612 2108 :
640 2089 694 2109 me
711 2078 769 2110 dcl.
788 2078 860 2109 Ital.
1005 2080 1071 2118 643
1095 2079 1184 2109 idem
1206 2077 1329 2119 Ussing
1429 2088 1493 2118 ego
1508 2088 1575 2109 om.
1594 2079 1627 2110 Β

297 2122 472 2153 oblecutor
486 2123 680 2162 (obliuiscor
691 2122 752 2161 B‘)
767 2122 833 2152 cod.
847 2128 943 2159 (corr.
956 2121 1019 2163 ΒΩ)
1102 2123 1166 2160 644
1185 2123 1362 2153 conuiuias
1374 2121 1441 2153 md.
1457 2127 1549 2162 (corr.
1563 2121 1624 2159 3²)

296 2167 465 2205 quomodo
482 2166 546 2197 cod.
561 2180 566 2198 z
591 2167 783 2197 commodos
801 2165 940 2195 Mueller
1039 2167 1103 2204 645
1127 2166 1355 2196 commeminit
1371 2165 1437 2196 cod.
1515 2176 1623 2197 meam

296 2210 338 2249 (ἔ)
358 2210 438 2239 Ι.ιό;
466 2220 562 2240 meae
580 2210 658 2243 cod..
678 2209 735 2239 sed
749 2210 878 2248 metae)
896 2208 1034 2249 displicet
1145 2211 1211 2248 646
1235 2214 1362 2240 taceret
1378 2208 1444 2240 cod.

296 2253 443 2283 minimis
461 2256 553 2292 (corr.
574 2253 635 2286 13²3
656 2258 792 2293 putatur
806 2253 979 2283 sci-ahamr
999 2252 1064 2283 cod.
1153 2254 1219 2291 648
1235 2252 1396 2283 Animula
1411 2251 1517 2284 Sclnol.
1537 2252 1624 2294 Visg.

298 2296 335 2326 G.
350 2307 378 2332 Ω,
400 2307 457 2335 134
474 2308 481 2326 t
506 2298 537 2326 in
558 2297 658 2327 imula
669 2296 735 2327 cod.
751 2308 757 2327 :
782 2296 958 2327 Animulas
969 2295 1151 2336 Scioppius:
1175 2296 1355 2327 Animulae
1368 2296 1474 2327 Bothe
1559 2299 1626 2337 649

296 2340 499 2371 semisenem
525 2341 598 2371 Ital.
619 2352 626 2370 ε
661 2341 864 2370 semisemnc
886 2340 1031 2378 (semine
1052 2340 1098 2370 Bi
1119 2339 1184 2371 cod.
1275 2340 1409 2371 uirtutis
1429 2338 1624 2371 Scutarius:

299 2394 336 2414 ur
368 2384 434 2414 tuis
465 2383 530 2415 cod.
679 2386 745 2422 650
769 2384 817 2414 vel
846 2384 979 2423 quidem
1085 2385 1241 2414 eductum
1267 2383 1356 2415 cod.:
1384 2394 1461 2414 corr.
1495 2383 1626 2424 Benthy

296 2429 361 2466 652
387 2438 566 2466 numquam
585 2427 733 2458 Mrruln:
761 2437 916 2467 umquam
934 2427 1000 2458 cod.
1091 2428 1310 2470 subigito[m]
1333 2428 1365 2458 in
1386 2437 1426 2468 rs.
1447 2427 1488 2458 mi
1508 2428 1542 2458 in
1559 2427 1621 2468 13²)

296 2471 361 2502 cod.
383 2473 433 2512 &cf
453 2471 498 2502 cul
514 2481 560 2501 vv.
581 2481 654 2509 323,
677 2472 754 2511 784)
