1747 2740
26 463 93 509 765

26 798 95 834 770

24 1122 89 1160 775

21 1837 86 1883 785

639 140 987 181 TRINVMMVS
1374 140 1451 177 III.
1476 140 1522 177 iii

169 262 254 300 ME.
287 260 356 299 sed
378 258 470 298 uide
491 256 712 303 consilium,
737 255 768 294 si
789 257 928 306 placet.
990 256 1061 294 CA.
1085 254 1181 304 quid
1203 252 1411 292 consilist?
1472 264 1512 298 35

171 329 255 366 ME.
288 325 442 372 scitum,
466 330 508 362 ut
535 336 608 373 ego
636 321 787 372 opinor,
811 320 1020 360 consilium
1043 319 1189 358 inueni.
1250 320 1322 359 CA.
1355 318 1452 369 quid

1364 392 1422 423 est
1439 386 1455 422 ?

171 459 255 496 ΜΕ.
287 457 411 495 homo
431 454 677 493 conducatur
697 452 838 502 aliquis
859 451 948 499 iam,
971 458 1164 502 quantum
1187 457 1328 501 potest,

167 521 279 573 quasi
301 521 350 560 sit
369 518 607 572 peregrinus.
668 520 741 557 CA.
774 517 870 568 quid
892 517 922 555 is
944 516 1016 555 scit
1038 518 1165 555 facere
1187 516 1354 566 postea?

169 590 252 626 ΜΕ.
285 586 316 626 is
337 587 461 624 homo
481 591 690 623 exornetur
709 582 895 634 graphice
916 582 955 620 in
977 581 1227 632 peregrinum
1249 582 1426 628 modum,

166 653 301 704 ignota
320 651 439 690 facies
461 664 562 701 quae
584 663 665 688 non
687 648 843 688 uisitata
863 648 922 695 sit,
1476 663 1517 693 40

169 717 519 768 mendaciloquom
539 715 845 766 aliquem—CA.
870 713 965 764 quid
988 713 1018 752 is
1036 713 1108 751 scit
1130 714 1256 751 facere
1274 713 1441 763 postea?

169 787 253 824 ΜΕ.
286 782 523 831 falsidicum,
544 782 946 821 confidentem—CA.
981 779 1077 830 quid
1100 787 1182 817 tum
1205 780 1375 829 postea?

170 852 253 889 ΜΕ.
286 848 399 900 quasi
419 849 470 887 ad
490 849 788 886 adulescentem
809 860 832 884 a
853 854 961 897 patre
983 860 1030 884 ex
1056 844 1236 884 Seleucia

166 915 310 963 ueniat,
334 916 501 953 salutem
523 913 558 952 ei
579 912 734 951 nuntiet
754 911 885 951 uerbis
907 910 1026 962 patris
1046 926 1053 949 :

165 980 275 1019 illum
296 981 399 1019 bene
419 993 552 1030 gerere
573 992 655 1017 rem
676 985 715 1016 et
735 979 866 1016 ualere
887 984 925 1016 et
946 976 1090 1024 uiuere,
1472 994 1513 1026 45

166 1054 204 1085 et
225 1059 317 1085 eum
338 1045 556 1084 rediturum
576 1050 754 1082 actutum
774 1058 784 1091 3
813 1044 909 1081 ferat
931 1041 1119 1092 epistulas

165 1113 276 1159 duas,
300 1110 365 1150 eas
386 1123 459 1149 nos
480 1109 771 1159 consignemus,
796 1107 908 1158 quasi
930 1107 1006 1146 sint
1027 1121 1049 1145 a
1070 1114 1178 1157 patre
1197 1121 1204 1146 z

165 1178 233 1217 det
253 1178 416 1215 alteram
437 1175 502 1224 illi,
526 1176 688 1214 alteram
710 1174 817 1214 dicat
838 1173 909 1212 tibi

164 1244 258 1282 dare
279 1256 365 1282 sese
385 1243 499 1281 uelle.
559 1242 631 1281 CA.
665 1254 783 1291 perge
805 1253 921 1290 porro
942 1239 1084 1278 dicere.

164 1310 249 1347 ME.
281 1321 402 1359 seque
422 1321 560 1346 aurum
582 1308 680 1345 ferre
700 1305 841 1356 uirgini
862 1306 997 1344 dotem
1019 1318 1041 1343 a
1061 1312 1170 1356 patre
1471 1323 1515 1355 50

164 1373 270 1413 dicat
290 1381 523 1424 patremque
544 1372 584 1412 id
605 1371 764 1410 iussisse
785 1385 924 1410 aurum
946 1370 1017 1409 tibi
1039 1372 1143 1409 dare.

165 1447 275 1479 tenes
296 1439 404 1478 iam?
461 1440 534 1479 CA.
566 1437 815 1488 propemodo
836 1444 955 1487 atque
975 1438 1156 1475 ausculto
1177 1436 1401 1486 perlubens.

166 1506 250 1543 ME.
283 1512 368 1543 tum
389 1512 432 1543 tu
452 1503 567 1555 igitur
588 1504 752 1542 demum
773 1501 1017 1541 adulescenti
1039 1515 1178 1540 aurum
1200 1500 1325 1548 dabis,

164 1571 233 1610 ubi
253 1571 324 1610 erit
343 1572 472 1610 locata
490 1570 602 1621 uirgo
622 1569 662 1608 in
684 1567 990 1607 matrimonium.

164 1638 236 1677 CA.
269 1636 366 1675 scite
393 1637 524 1676 hercle
555 1638 672 1674 sane!
732 1636 816 1672 ΜΕ.
849 1635 937 1681 hoc,
960 1632 1028 1671 ubi
1059 1633 1314 1672 thensaurum
1348 1634 1449 1671 ecfo-
1471 1646 1509 1679 55

1331 1698 1448 1747 deris,

161 1767 429 1819 suspicionem
451 1766 501 1805 ab
521 1767 777 1805 adulescente
798 1763 994 1804 amoueris
1015 1779 1022 1802 z

162 1833 340 1872 censebit
361 1846 499 1871 aurum
521 1845 606 1871 esse
626 1845 649 1870 a
670 1839 778 1882 patre
798 1832 961 1869 allatum
982 1829 1065 1878 tibi,

161 1907 203 1938 tu
224 1900 275 1938 de
296 1900 509 1937 thensauro
530 1911 673 1937 sumes.
734 1898 806 1937 CA.
840 1896 922 1935 sati’
944 1896 1040 1935 scite
1061 1903 1099 1935 et
1120 1895 1267 1945 probe!

160 1977 404 2016 quamquam
425 1964 502 2002 hoc
523 1976 586 2002 me
607 1962 744 2002 aetatis
766 1961 1043 2013 sycophantari
1065 1963 1198 2012 pudet.

160 2033 231 2071 sed
252 2030 439 2082 epistulas
460 2031 622 2080 quando
643 2029 869 2080 opsignatas
890 2030 1051 2075 adferet,
1464 2035 1507 2066 60

151 2139 224 2177 763,
244 2138 306 2176 764
331 2137 457 2166 inverso
474 2134 585 2166 ordine
599 2135 632 2165 A
726 2136 789 2174 763
812 2133 891 2174 quid
906 2133 985 2176 (id)
1001 2133 1090 2164 Baclz
1197 2135 1259 2173 764
1283 2133 1333 2164 vel
1342 2134 1443 2173 opino

107 2183 169 2220 765
196 2182 258 2212 iam
277 2181 400 2220 aliquis
418 2180 450 2209 A
601 2180 663 2217 766
687 2180 767 2219 quid
786 2179 861 2209 iscit
877 2179 909 2207 A
1025 2188 1156 2208 versum
1173 2178 1241 2209 secl.
1260 2178 1356 2215 Brz'x,
1371 2182 1444 2208 lan-

105 2236 210 2264 quam
236 2225 451 2256 substitutum
464 2228 527 2264 pro
549 2223 752 2263 sequentibus
776 2226 936 2262 quattuor
1059 2223 1122 2260 768
1146 2222 1233 2252 facie
1258 2221 1445 2252 Samcenus

105 2279 136 2308 q.
150 2268 249 2311 (hic)
266 2268 392 2298 Ritschl
489 2266 638 2307 uisitata]
658 2268 709 2297 uis
729 2267 775 2297 ita
793 2267 826 2296 P
921 2267 984 2304 769
1001 2276 1066 2295 om.
1083 2265 1116 2295 P
1132 2266 1189 2303 [iii.
1209 2276 1243 2295 11
1322 2267 1350 2296 is
1368 2266 1443 2296 iscit

105 2312 171 2344 cod.
231 2313 373 2342 ‘ultima
397 2311 492 2342 verba
519 2312 712 2351 expulerunt
732 2311 819 2341 veltz!
839 2309 997 2352 <oportet
1021 2309 1192 2339 hominem
1211 2308 1355 2351 deligi)'
1379 2309 1444 2340 Leo

108 2367 167 2396 771
194 2367 237 2388 ex
261 2356 365 2387 leutia
389 2355 421 2386 Ρ
523 2365 585 2395 773
609 2365 764 2395 gererem
785 2359 818 2384 et
829 2353 918 2384 codd.
942 2354 998 2389 xiii.
1027 2355 1062 2392 3)
1133 2355 1282 2393 774-834
1307 2353 1390 2383 deest
1408 2354 1441 2383 A

107 2403 172 2441 776
195 2401 245 2432 vel
259 2401 326 2431 illic
418 2400 480 2439 780
497 2400 742 2439 propemodum
760 2397 884 2430 Pradel
988 2399 1045 2437 781
1067 2397 1186 2427 demus
1203 2397 1303 2437 Kofh,
1322 2397 1438 2438 ngk,

107 2455 190 2475 nam
208 2449 276 2475 tum
295 2447 330 2476 tu
351 2444 356 2486 Ι
377 2445 418 2484 ig.
433 2443 574 2485 displicet

151 2498 271 2521 pmv‘r.
291 2498 316 2520 11
1312 2486 1354 2517 30
