1747 2740
147 124 178 160 1.
201 121 230 157 ii
623 117 670 154 T.
703 114 885 155 MACCI
918 114 1124 153 PLAVTI

202 244 304 281 quae
325 236 512 280 optumae
527 235 617 266 sunt
635 240 720 266 esse
737 226 923 276 oportet?
980 226 1050 264 sed
1068 232 1234 274 utraque
1249 231 1292 262 ut
1305 223 1412 263 dicat
1427 223 1536 262 mihi.

142 310 183 342 50
206 298 309 334 PAM.
342 294 439 345 quid
467 293 567 332 istuc
595 300 653 331 est
677 292 786 342 quod
808 292 886 329 huc
907 289 1146 340 exquisitum
1174 288 1383 328 mulierum
1411 302 1540 328 mores

1398 353 1541 393 uenis?

205 429 284 466 AN.
317 427 383 476 pol
412 438 487 475 ego
512 437 675 462 uxorem
703 435 863 473 quaero,
886 429 1099 472 postquam
1129 428 1263 459 uostra
1289 428 1414 459 mater
1443 433 1542 458 mor-

1427 492 1540 524 tuast.

207 559 311 596 PAM.
346 555 458 595 facile
480 554 658 593 inuenies
679 561 718 593 et
738 553 912 604 peiorem
934 560 973 592 et
993 552 1105 604 peius
1125 560 1331 600 moratam,
1353 559 1473 603 pater,

206 636 326 674 quam
347 622 412 660 illa
433 620 504 659 fuit
522 636 528 659 :
559 619 762 658 meliorem
783 632 915 668 neque
935 625 977 656 tu
999 617 1168 668 reperies
1189 630 1321 667 neque
1340 618 1400 656 sol
1420 616 1541 655 uidet.
1568 630 1634 656 110

207 690 286 727 AN.
318 695 357 726 at
378 700 451 738 ego
472 700 518 725 ex
543 693 581 724 te
606 684 768 736 exquiro
791 692 911 734 atque
938 697 985 723 ex
1012 683 1109 722 istac
1133 690 1202 721 tua
1227 696 1371 722 sorore.
1437 683 1542 720 ΡΑΜ.

1245 748 1399 797 edepol,
1422 754 1542 797 pater,

148 835 187 869 55
209 819 291 859 scio
313 826 355 857 ut
375 824 531 869 oportet
552 830 638 856 esse
657 831 664 855 :
696 815 727 854 si
749 814 936 854 sint—ita
956 822 999 853 ut
1019 828 1094 865 ego
1112 827 1287 864 aequom
1307 825 1464 852 censeo.

209 887 288 924 AN.
315 885 409 923 uolo
429 882 528 921 scire
548 895 640 931 ergo
662 889 704 920 ut
723 894 893 930 aequom
915 893 1065 918 censes.
1115 881 1220 917 PAM.
1243 886 1297 925 ut,
1320 892 1389 929 per
1408 878 1548 917 urbem

1185 958 1310 995 quom
1328 944 1547 991 ambulent,

210 1015 397 1056 omnibus
419 1029 462 1053 os
484 1021 683 1065 opturent,
705 1027 754 1052 ne
776 1012 864 1064 quis
884 1012 1025 1051 merito
1047 1013 1150 1051 male
1169 1011 1277 1051 dicat
1297 1010 1382 1050 sibi.

210 1084 288 1121 AN.
322 1081 386 1121 die
420 1079 595 1119 uicissim
625 1078 812 1118 nunciam
840 1086 893 1118 tu.
954 1080 1054 1117 ΡΑΝ.
1088 1077 1185 1129 quid
1212 1077 1273 1117 uis
1304 1076 1378 1116 tibi
1403 1076 1546 1125 dicam,
1573 1089 1635 1128 115

1408 1151 1518 1194 pater
1534 1145 1551 1181 ?

214 1216 292 1253 AN.
325 1212 393 1251 ubi
415 1210 599 1250 facillime
621 1218 819 1260 spectatur
840 1210 980 1249 mulier
1000 1224 1103 1260 quae
1123 1209 1285 1260 ingenio
1304 1217 1365 1249 est
1384 1210 1523 1250 bono?

151 1287 194 1319 60
215 1282 316 1318 PAN.
349 1276 444 1328 quoi
479 1277 581 1314 male
612 1275 797 1325 faciundix
826 1283 885 1314 est
919 1283 1104 1326 potestas,
1142 1289 1245 1326 quae
1279 1289 1329 1315 ne
1360 1275 1403 1315 id
1435 1275 1551 1314 faciat

1346 1349 1548 1392 temperat.

214 1412 294 1449 AN.
317 1410 396 1447 hau
418 1409 519 1446 male
536 1407 659 1445 istuc!
699 1414 818 1457 age-tu
847 1408 977 1453 altera,
993 1414 1080 1446 utra
1099 1406 1172 1445 siet
1192 1405 1378 1446 condicio
1394 1406 1552 1458 pensior

215 1475 463 1527 uirginemne
501 1487 551 1512 an
596 1472 758 1511 uiduam
801 1473 976 1512 habere?
1045 1475 1149 1511 PAM.
1191 1481 1340 1524 quanta
1379 1487 1468 1512 mea
1498 1487 1554 1512 sa-

1357 1538 1552 1590 pientiast,

217 1622 264 1647 ex
312 1606 424 1646 malis
464 1604 597 1644 multis
637 1606 785 1643 malum
825 1606 934 1656 quod
973 1604 1231 1652 rninimumst‚
1273 1604 1314 1644 id
1353 1604 1554 1644 minimest
1578 1616 1643 1641 120

1392 1672 1553 1710 malum.

219 1741 298 1778 AN.
331 1738 398 1789 qui
420 1739 522 1790 potis
544 1747 602 1779 est
623 1738 762 1777 mulier
783 1737 905 1776 uitare
926 1736 1064 1776 uitiis?
1122 1739 1226 1775 PAM.
1259 1745 1303 1776 ut
1322 1736 1486 1776 cottidie

157 1812 199 1855 65
221 1804 347 1856 pridie
368 1813 507 1843 caueat
527 1819 577 1844 ne
598 1804 715 1843 faciat
736 1804 846 1854 quod
867 1803 996 1854 pigeat
1017 1803 1218 1853 postridie.

221 1873 299 1909 AN.
332 1884 434 1921 quae
455 1870 525 1909 tibi
547 1870 685 1909 mulier
705 1869 861 1908 uidetur
882 1871 1007 1908 multo
1028 1869 1360 1919 sapientissuma?

224 1939 324 1975 PAN.
356 1950 457 1987 quae
479 1945 623 1984 tamen,
647 1949 770 1987 quom
793 1949 853 1974 res
881 1936 1081 1975 secundae
1105 1943 1207 1983 sunt,
1230 1949 1272 1975 se
1296 1936 1439 1987 poterit
1465 1949 1558 1987 gno-

1436 2016 1556 2049 scere,

225 2076 264 2107 et
285 2068 349 2107 illa
370 2082 471 2118 quae
491 2082 621 2119 aequo
641 2067 775 2107 animo
797 2067 965 2117 patietur
985 2068 1060 2106 sibi
1081 2082 1167 2108 esse
1188 2068 1299 2119 peius
1321 2082 1440 2118 quam
1461 2067 1543 2106 suit.
1581 2075 1644 2112 125

273 2174 333 2203 106
356 2177 514 2212 opor-teto
530 2172 563 2202 A
656 2172 711 2203 vix
726 2172 931 2212 sedutraque
950 2174 1004 2211 (ut
1019 2173 1167 2206 Umbn'ce
1187 2174 1428 2215 seipodruhpei
1451 2176 1559 2206 ‘utro—

225 2217 324 2258 que')
447 2227 506 2248 110
530 2216 623 2247 uidet
640 2218 688 2247 sol
708 2216 740 2246 P
873 2227 930 2255 1¹7
957 2217 1055 2248 saciat
1072 2219 1104 2249 id
1122 2218 1154 2249 P
1286 2221 1346 2251 118
1370 2230 1433 2259 age
1450 2225 1486 2250 tu
1507 2220 1559 2250 dic

224 2260 368 2301 alt(essra
381 2265 489 2291 utrast
504 2261 564 2301 (sit
575 2260 679 2300 codd.)
694 2259 830 2290 Mueller
888 2262 1061 2292 condieior
1078 2262 1111 2293 P
1201 2273 1213 2292 r
1225 2273 1262 2303 ¹9
1280 2264 1447 2303 uirginem
1459 2274 1501 2294 an
1513 2262 1558 2294 P:

226 2304 440 2343 uirgincmne
467 2305 548 2346 (om.
578 2305 636 2335 an&
667 2304 699 2334 A
791 2314 881 2335 meas
910 2305 943 2335 P
1078 2317 1138 2337 120
1173 2307 1359 2346 minimest]
1386 2307 1560 2338 minimum

226 2353 279 2379 est
296 2347 329 2378 P
420 2358 476 2378 121
502 2353 615 2388 potest
628 2348 660 2379 Ρ
675 2361 680 2379 :
704 2353 803 2389 potus
819 2353 882 2379 rest
896 2349 928 2378 A
1025 2360 1083 2389 ¹24
1109 2350 1159 2381 vel
1174 2350 1261 2382 Pam.
1310 2361 1514 2391 cognoscere
1527 2351 1560 2382 A
