1747 2740
614 150 788 188 MILES
819 149 1133 189 GLORIOSVS
1462 152 1538 189 111.
1560 153 1574 189 i

121 272 190 307 770
207 267 250 300 ut
279 260 343 300 hic
371 273 458 300 eam
488 260 661 299 abducat
691 260 926 311 habeatque.
987 262 1056 299 PE.
1089 260 1171 300 dari
1194 260 1318 300 istanc
1349 261 1540 300 rationem

1435 329 1538 365 uolo.

206 393 275 430 ΡΑ.
307 398 345 430 at
375 404 448 441 ego
479 390 531 429 mi
561 392 724 429 anulum
751 391 833 430 dari
863 391 991 430 istunc
1016 399 1125 430 tuom
1155 393 1258 431 uolo.
1320 394 1389 430 PE.
1421 406 1539 442 quam

1172 458 1222 495 ad
1245 471 1325 495 rem
1348 457 1431 495 usui
1455 459 1542 495 est?

206 524 274 560 ΡΑ.
291 523 453 572 quando
467 521 636 568 habebo,
649 521 764 572 igitur
778 522 970 561 rationem
987 535 1162 560 mearum
1173 522 1405 560 fabricarum
1422 523 1538 560 dabo.
1585 540 1600 551 η

206 589 273 625 ΡΕ.
307 594 426 634 utere,
449 586 596 637 accipe.
658 589 726 625 ΡΑ.
759 587 895 637 accipe
916 601 939 625 a
961 601 1023 625 me
1044 601 1177 625 rusum
1200 587 1393 626 rationem
1415 587 1496 626 doli

203 665 322 702 quam
351 651 511 690 institui.
574 654 641 690 PE.
675 652 933 702 perpurigatis
966 654 1097 691 damu⁷
1130 652 1200 691 tibi
1232 653 1352 691 ambo
1380 667 1541 704 operam

1367 719 1537 757 auribus.

117 794 181 830 775
204 784 273 821 ΡΑ.
305 784 384 821 eru'
398 795 509 821 meus
526 782 578 820 ita
596 795 760 832 magnus
775 784 966 821 moechus
983 782 1191 821 mulierum
1206 791 1263 822 est
1280 791 1321 822 ut
1339 784 1539 822 neminem

201 847 320 886 fuisse
335 861 461 898 aeque
475 860 605 897 neque
619 849 793 886 futurum
808 849 938 887 credo.
989 850 1058 886 PE.
1082 849 1201 887 credo
1216 862 1289 899 ego
1303 848 1403 887 istuc
1421 849 1537 888 idem.

201 915 270 952 ΡΑ.
303 912 414 963 isque
435 912 650 951 Alexandri
671 920 868 963 praestare
889 913 1088 964 praedicat
1110 915 1276 952 formam
1299 928 1409 953 suam

200 978 334 1030 itaque
354 978 483 1017 omnis
505 992 546 1017 se
567 980 669 1017 ultro
690 979 829 1018 sectari
850 979 889 1017 in
913 980 1073 1029 Epheso
1096 988 1287 1019 memorat
1309 980 1503 1020 mulieres.

204 1046 272 1083 PE.
305 1045 447 1095 edepol
469 1043 536 1094 qui
558 1051 595 1083 te
617 1045 667 1083 de
688 1044 763 1084 isto
785 1044 898 1083 multi
920 1044 1085 1095 cupiunt
1106 1058 1212 1083 nunc
1234 1045 1446 1093 mentirier,

115 1114 185 1157 780
203 1111 273 1149 sed
294 1123 367 1160 ego
388 1109 441 1148 ita
461 1123 546 1148 esse
568 1117 609 1148 ut
630 1109 728 1149 dicis
750 1118 867 1149 teneo
888 1111 1062 1160 pulchre.
1122 1110 1247 1161 proin,
1272 1111 1496 1159 Palaestrio,

202 1189 321 1226 quam
344 1175 446 1226 potis
468 1183 548 1214 tam
569 1176 692 1214 uerba
712 1177 847 1215 confer
869 1190 1051 1215 maxume
1071 1177 1122 1215 ad
1143 1176 1440 1227 compendium.

202 1243 271 1280 ΡΑ.
303 1255 471 1292 ecquam
494 1249 535 1280 tu
557 1242 849 1292 potisreperire
871 1243 996 1280 forma
1016 1242 1148 1292 lepida
1170 1242 1374 1281 mulierem

200 1307 295 1358 quoi
316 1307 543 1346 facetiarum
565 1322 633 1347 cor
653 1316 872 1359 pectusque
894 1308 942 1346 sit
962 1310 1125 1358 plenum
1147 1316 1185 1347 et
1206 1308 1287 1347 doli
1305 1311 1321 1347 ?

200 1375 270 1412 PE.
302 1373 567 1424 ingenuamne
587 1387 638 1412 an
660 1373 914 1412 libertinam?
958 1375 1026 1412 ΡΑ.
1050 1374 1165 1424 aequi
1188 1374 1288 1413 istuc
1309 1374 1424 1423 facio,
1441 1376 1537 1414 dum

1415 1442 1537 1480 modo

111 1508 176 1554 785
198 1519 286 1545 eam
307 1506 377 1545 des
399 1519 500 1556 quae
521 1505 569 1544 sit
591 1513 840 1556 quaestuosa,
865 1505 965 1557 quae
987 1508 1064 1544 alat
1086 1519 1228 1556 corpus
1250 1520 1427 1557 corpore,

198 1571 373 1623 quoique
405 1571 530 1623 sapiat
561 1580 725 1623 pectus3
766 1586 858 1610 nam
892 1586 959 1611 cor
998 1586 1079 1611 non
1119 1580 1249 1623 potest
1285 1574 1393 1622 quod
1428 1573 1537 1611 nulla

1402 1639 1533 1677 habet.

198 1704 267 1742 PE.
300 1704 447 1742 lautam
473 1703 531 1742 uis
561 1716 611 1742 an
642 1717 744 1754 quae
774 1704 954 1742 nondum
986 1703 1034 1742 sit
1064 1705 1202 1742 lauta?
1260 1705 1328 1742 ΡΑ.
1362 1703 1417 1742 sic
1444 1717 1536 1742 con-

1342 1769 1533 1817 sucidam,

198 1847 317 1885 quam
339 1834 636 1886 lepidissumam
659 1834 761 1885 potis
783 1848 983 1885 quamque
1004 1836 1301 1874 adulescentem
1323 1848 1517 1874 maxume.

241 1949 304 1979 770
327 1939 461 1971 abducit
472 1938 538 1970 cod.
631 1940 681 1970 vel
694 1940 861 1980 abeatque
884 1940 944 1979 (ita
965 1939 1050 1971 cod&
1144 1940 1226 1970 dare
1248 1939 1313 1971 cod.
1335 1940 1411 1980 (pro
1430 1940 1491 1971 —rei
1506 1940 1532 1981 ἲ)

197 1993 255 2023 771
283 1994 382 2023 quam
400 1984 441 2014 ad
459 1994 529 2014 rem
545 1983 779 2015 Camerarius:
804 1989 979 2023 quamatre
996 1983 1062 2015 cod.
1082 1984 1157 2023 (pro
1173 1985 1363 2023 quamatrc)
1471 1995 1534 2023 772

197 2028 326 2058 ratione
351 2027 415 2059 cod.
562 2038 622 2067 774
649 2028 756 2058 institi
781 2027 956 2058 Fleckeisen
983 2028 1113 2066 (Jahrb.
1141 2028 1244 2059 class.
1270 2027 1357 2058 Pln'l.
1376 2028 1428 2066 67,
1452 2030 1532 2067 405)

195 2071 246 2102 vel
255 2071 314 2103 Pr..
371 2071 642 2111 velperpurgatis
656 2073 716 2110 (da
727 2071 809 2108 cod.)
864 2072 962 2102 ambo
974 2072 1092 2103 damus
1104 2072 1162 2102 tibi
1177 2071 1258 2102 cod.:
1276 2072 1348 2101 lrm'.
1360 2071 1533 2102 Fleckeisen

197 2116 260 2154 776
284 2115 388 2146 fuisse
417 2125 525 2155 aeque
553 2115 647 2146 ltal.:
677 2115 795 2146 fuisset
821 2120 920 2154 atque
947 2115 1013 2147 cod.
1104 2115 1153 2145 vcl
1182 2115 1239 2146 PL.
1330 2115 1439 2146 istunc
1466 2115 1529 2146 cod.

197 2169 258 2198 777
284 2159 379 2199 isque
397 2157 483 2190 Leo:
509 2159 622 2198 itaque
640 2158 705 2189 cod.
724 2159 776 2199 (cf,
794 2170 822 2190 v.
847 2160 923 2197 778)
939 2171 944 2189 :
970 2164 1070 2198 atque
1089 2158 1224 2189 Ribbeck
1358 2160 1420 2198 778
1440 2159 1531 2189 omni

195 2212 232 2233 se
249 2202 314 2234 cod.
451 2213 513 2242 779
539 2202 831 2233 nuncAcidalins:
860 2213 927 2233 non
946 2202 1010 2233 cod.
1033 2203 1101 2242 gvii.
1121 2207 1154 2241 2)
1246 2203 1420 2233 mentirier
1431 2202 1504 2233 Ital.
1525 2215 1531 2233 :

196 2247 341 2277 mentier
358 2246 496 2287 (metier
516 2246 605 2276 PCDT
628 2246 691 2276 cod.
845 2246 904 2285 781
931 2246 982 2276 vel
1000 2251 1097 2285 potes
1248 2247 1310 2285 783
1336 2246 1530 2277 facetiarum

197 2290 430 2321 Camerarius:
467 2290 620 2320 satiarum
650 2289 714 2321 cod.
818 2300 876 2320 cor
907 2295 1094 2329 pectusque
1122 2288 1306 2320 Dzsatsko:
1339 2300 1530 2329 corpusque

195 2333 285 2365 cod.:
320 2344 377 2364 cor
402 2343 593 2373 corpusque
619 2333 831 2364 Camerarius
974 2334 1035 2372 784
1063 2334 1292 2372 ingenuumne
1322 2334 1408 2364 hanc
1432 2334 1531 2364 liber-

195 2377 309 2408 tinam.
374 2377 432 2407 ΡΑ.
459 2381 562 2416 atque
588 2377 672 2408 istuc
694 2377 934 2418 facio[m*dum
962 2378 1170 2417 <faciundum
1199 2377 1238 2416 Β,
1264 2377 1322 2407 sed
1341 2378 1379 2418 cs.
1404 2388 1431 2408 v.
1449 2380 1528 2415 652}

197 2421 295 2451 modo
332 2420 421 2452 cod.:
462 2430 539 2450 corr.
579 2420 664 2458 Ital„
699 2420 888 2450 Lambinus
1037 2421 1098 2460 786
1123 2431 1197 2451 nam
1230 2421 1330 2452 Ima:
1365 2422 1429 2451 iam
1461 2420 1526 2452 cod.

197 2465 258 2504 787
283 2465 325 2495 sit
345 2464 466 2495 lautam
485 2463 551 2494 cod.
706 2466 769 2504 788
793 2475 994 2505 quamquem
1015 2464 1233 2505 (quamquam
1252 2465 1297 2506 B)
1316 2465 1381 2497 cod.

1563 921 1625 951 180

1561 1247 1619 1288 185

1560 1721 1619 1753 190
