1747 2740
640 149 934 189 POENVLVS
1384 150 1453 187 IV.
1475 149 1505 186 ii

121 263 166 300 Μ
172 274 196 300 1.
229 262 401 312 lepidam
424 265 619 301 Venerem
639 266 644 300 !
689 265 752 302 ΞΥ.
786 277 877 302 nam
900 263 1123 302 meretrices
1145 271 1301 302 nostrae
1322 264 1455 314 primis

1318 329 1455 367 hostiis

31 396 101 440 850
120 394 747 444 Veneremplaeauereextemplo.
788 396 859 432 M1.
877 409 901 433 ο
915 395 1086 445 lepidam
1097 397 1294 434 Venerem
1304 396 1454 434 denuo!

119 459 182 496 ὃν.
214 473 321 497 nunc
347 460 513 498 domum
541 459 618 498 ibo.
680 462 753 498 M1.
791 461 903 508 heus,
924 462 1177 510 Synceraste!
1219 462 1281 499 SV.
1315 462 1455 509 Synce—

1053 534 1199 564 rastum
1221 525 1288 576 qui
1310 527 1455 563 uocat?

117 589 190 626 M1.
232 596 320 628 tuos
353 589 515 628 amicus.
575 591 639 629 ΞΥ.
681 591 789 629 haud
827 590 954 629 amice
994 590 1079 628 saci'
1113 590 1179 641 qui
1213 604 1303 628 cum
1336 605 1454 630 onere
1476 607 1518 638 30

1152 658 1267 695 offers
1290 670 1451 695 moram.

118 723 190 759 M1.
223 729 262 759 at
283 722 336 760 ob
357 723 459 760 hane
485 736 635 761 moram
664 721 734 761 tibi
762 723 926 761 reddam
955 736 1115 772 operam
1145 722 1211 760 ubi
1241 723 1362 769 uoles,
1386 722 1454 759 ubi

1284 786 1450 825 iusseris.

116 852 220 890 habe
240 866 320 890 rem
346 860 514 902 pactam.
574 855 637 892 ΞΥ.
671 853 701 891 si
724 854 945 899 futurumst,
969 853 1022 891 do
1050 852 1120 891 tibi
1149 866 1309 903 operam
1338 854 1450 891 hane.

1096 919 1167 955 M1.
1201 932 1281 968 quo
1302 919 1454 956 modo?

29 984 94 1028 855
117 983 179 1020 ΞΥ.
213 990 254 1020 ut
275 982 381 1020 enim
402 982 470 1020 ubi
492 983 587 1020 mihi
610 985 881 1034 uapulandum
904 983 962 1029 sit,
987 991 1028 1021 tu
1050 983 1200 1021 corium
1222 985 1392 1021 sufferas.

114 1061 248 1098 apage,
272 1048 406 1086 nescio
433 1048 529 1098 quid
557 1048 628 1086 uiri
655 1048 717 1086 sis.
780 1050 851 1086 M1.
890 1050 1007 1086 malu'
1028 1062 1126 1086 sum.
1187 1050 1250 1087 ΞΥ.
1289 1048 1357 1086 tibi
1387 1049 1448 1087 sis.

1180 1115 1251 1150 M1.
1286 1121 1323 1152 te
1344 1115 1448 1152 uolo.

114 1179 177 1215 Si:
219 1185 257 1216 at
291 1192 392 1217 onus
427 1186 546 1228 urget.
610 1180 682 1216 Mr.
719 1186 758 1216 at
790 1186 830 1216 tu
860 1192 1018 1228 appone
1048 1186 1086 1217 et
1116 1177 1266 1228 respice
1295 1180 1345 1217 ad
1374 1193 1447 1218 me.
1472 1193 1511 1225 35

1211 1246 1274 1282 Sv.
1308 1245 1448 1292 fecero,

112 1323 354 1359 quamquam
376 1311 483 1348 haud
504 1309 677 1348 otiumsta
738 1312 811 1348 M1.
845 1311 974 1348 saluos
996 1309 1057 1356 sis,
1083 1311 1323 1359 Synceraste.
1385 1312 1448 1349 Sv.

1218 1390 1242 1413 o
1265 1375 1447 1426 Milphio,

114 1440 153 1479 di
178 1454 317 1480 omnes
344 1442 522 1491 deaeque
549 1443 815 1480 ament—Ml.
849 1455 1063 1491 quemnam
1092 1441 1326 1479 hominem?
1383 1444 1448 1480 Sv.

904 1521 978 1545 nee
999 1514 1036 1545 te
1058 1520 1131 1545 nee
1153 1521 1227 1554 me,
1252 1507 1424 1557 Milphio
1442 1523 1449 1546 :

26 1577 95 1612 860
113 1584 243 1620 neque
273 1585 382 1609 erum
415 1585 547 1610 meum
578 1572 691 1610 adeo.
752 1573 823 1609 M1.
867 1573 985 1621 quem
1016 1579 1150 1609 ament
1186 1571 1328 1621 igitur?
1383 1574 1446 1611 Sv.

856 1636 1027 1687 aliquem
1050 1636 1089 1675 id
1111 1636 1253 1686 dignus
1275 1637 1341 1687 qui
1363 1637 1445 1676 siet.

112 1715 204 1739 nam
237 1709 459 1741 nostrorum
496 1716 614 1741 nemo
649 1702 817 1753 dignust.
881 1704 953 1740 M1.
990 1701 1121 1752 lepide
1151 1703 1321 1752 loquere.
1382 1705 1447 1742 SV.

1234 1782 1297 1806 me
1318 1770 1443 1808 decet.

113 1834 186 1871 M1.
227 1833 323 1883 quid
357 1833 468 1884 agis?
515 1836 578 1872 ΞΥ.
624 1834 724 1872 faeio
759 1835 868 1884 quod
908 1832 1117 1872 manufesti
1154 1833 1309 1872 moechi
1338 1832 1340 1871 l
1367 1836 1445 1873 hau
1466 1851 1508 1881 40

1162 1900 1282 1937 ferme
1304 1900 1443 1938 solent.

112 1965 185 2002 M1.
218 1963 314 2014 quid
335 1963 374 2003 id
397 1966 484 2003 est?
527 1966 589 2003 ὃν.
624 1966 748 2004 refero
769 1978 863 2003 uasa
884 1966 1001 2003 salua.
1050 1965 1122 2002 Mi.
1156 1963 1195 2002 di
1218 1971 1255 2002 te
1276 1972 1314 2002 et
1335 1973 1444 2003 tuom

1107 2043 1214 2067 erum
1238 2029 1444 2079 perduint!

156 2135 221 2174 849
248 2133 286 2164 1is
306 2135 347 2169 {⁷⁸}
366 2133 430 2165 cod.
457 2135 600 2173 (primus
616 2134 701 2173 ΡΟ),
718 2145 784 2165 om.
799 2134 845 2165 B]
960 2134 1025 2172 850
1049 2133 1208 2164 acccditA
1288 2134 1446 2173 exemplo

113 2177 147 2208 P
297 2179 357 2217 851
386 2179 450 2208 heu
468 2177 501 2207 P
516 2189 609 2214 «sorr.
636 2178 684 2218 D>
839 2179 903 2217 852
928 2177 1018 2218 cum]
1046 2188 1145 2216 quam
1166 2177 1199 2206 Ρ
1214 2179 1239 2216 <2
1253 2183 1318 2217 pro
1334 2188 1445 2216 quom,

114 2222 392 2262 anlt'quasormw
485 2222 607 2252 offeras
620 2222 666 2261 A,
684 2222 717 2252 Β
740 2228 816 2252 (mle
838 2232 915 2252 corr.
1053 2222 1118 2259 853
1144 2221 1287 2262 moram]
1307 2232 1376 2251 rem
1394 2221 1427 2251 P
1443 2233 1448 2252 :

116 2275 280 2296 remoram
300 2266 435 2306 Geppert
523 2266 632 2304 854—6
647 2267 697 2296 vel
712 2266 769 2296 ΞΥ.
792 2266 876 2295 habe
895 2289 901 2295 .
919 2289 926 2296 .
944 2289 950 2295 .
986 2264 1044 2294 M1.
1073 2265 1099 2294 si
1122 2289 1128 2295 .
1147 2289 1153 2295 .
1172 2289 1179 2295 .
1222 2265 1279 2295 ΞΥ.
1308 2276 1375 2304 quo
1390 2289 1396 2296 .
1414 2289 1421 2295 .
1438 2289 1445 2296 .

116 2308 174 2340 Mi.
203 2314 236 2339 ut
253 2333 260 2339 .
281 2334 288 2340 .
310 2333 317 2340 .
353 2310 411 2339 ΞΥ.
438 2319 546 2348 apage
614 2309 676 2348 855
701 2310 759 2349 sit]
780 2309 878 2339 estP
894 2313 971 2348 φιτ)
988 2309 1075 2338 siet?
1100 2309 1136 2347 cf
1152 2319 1179 2339 v.
1202 2310 1299 2347 1213*¹
1383 2310 1448 2347 856

114 2353 253 2383 tibisisis
269 2352 303 2382 A
466 2353 531 2382 860
557 2353 588 2382 id
605 2353 655 2382 vel
670 2363 711 2382 eo
728 2353 761 2382 A
781 2365 786 2383 :
811 2363 877 2383 0111.
898 2353 931 2382 P
1080 2352 1137 2381 861
1169 2352 1446 2391 lepidueloquere

116 2396 278 2435 (lepidum
294 2395 336 2426 el.
354 2396 447 2425 pem
464 2395 495 2425 Ρ
581 2397 644 2426 862
671 2396 861 2426 manufesto
878 2406 957 2426 corr.
978 2396 1001 2425 -i
1021 2396 1051 2425 P
1066 2399 1102 2425 nt
1117 2396 1180 2426 vid.
1205 2397 1388 2429 (manifesti
1408 2397 1442 2436 T,

115 2440 301 2470 manufesto
321 2441 326 2469 i
346 2439 438 2480 PBG)
532 2440 661 2470 moechi
681 2438 778 2482 (hic)
797 2440 920 2470 Bothe:
947 2439 1110 2469 moechum
1130 2439 1257 2470 Sclaeoe'll

160 2510 277 2531 PLAvr.
298 2510 321 2530 ιι
1320 2502 1357 2532 15
