1747 2740
34 448 120 491 544α

52 516 115 554 545

47 839 114 877 550

45 1169 108 1208 555

43 1484 112 1531 560

42 1877 105 1923 565

647 128 970 167 PSEVDOLVS
1439 128 1469 166 Ι.
1491 139 1522 166 ν

243 243 303 291 sit,
326 243 357 283 si
378 243 477 282 istuc
498 242 649 281 facinus
669 242 868 280 audeam?
898 241 1021 280 immo
1042 241 1107 288 sic,
1132 241 1264 280 Simo:

244 309 275 348 si
296 310 422 348 sumu’
442 307 638 358 compecti
661 320 729 346 seu
750 306 960 346 consilium
982 320 1170 357 umquam
1194 306 1353 345 iniimus

245 382 313 414 aut
333 374 364 413 si
385 375 435 413 de
457 373 552 412 istac
574 386 612 411 re
634 386 825 422 umquam
847 372 947 410 inter
968 386 1040 410 nos
1062 372 1336 418 conuenimus,

246 438 357 490 quasi
378 438 418 477 in
438 438 538 476 libro
559 451 680 488 quom
702 436 926 475 scribuntur
946 438 1099 475 calamo
1120 436 1281 483 litterae,

245 504 342 543 stilis
363 517 425 542 me
446 511 573 542 totum
595 516 721 552 usque
742 502 881 541 ulmeis
903 502 1152 541 conscribito.

244 571 362 608 Simo.
395 569 526 608 indice
547 569 662 607 ludos
684 567 887 615 nunciam,
907 568 1069 617 quando
1091 568 1211 605 lubet.

242 636 304 673 Ps.
336 635 387 673 da
408 633 447 672 in
469 635 574 672 hunc
595 632 702 671 diem
724 645 899 682 operam,
920 631 1116 682 Callipho,
1140 645 1288 682 quaeso
1310 632 1405 671 mihi

241 713 291 738 ne
311 712 391 750 quo
412 707 450 737 te
469 700 520 737 ad
540 697 648 736 aliud
669 710 841 747 occupes
863 697 1076 748 negotium.

242 766 366 806 CALL.
399 765 495 816 quin
516 778 580 803 rus
601 772 643 802 ut
664 763 760 802 irem
782 763 859 802 iam
882 763 964 802 heri
985 763 1277 802 constitueram.

241 833 304 870 Ps.
336 839 375 870 at
395 844 501 869 nunc
522 830 701 869 disturba
716 843 814 880 quas
835 829 1003 868 statuisti
1024 829 1239 868 machinas.

240 898 365 937 CALL.
397 910 504 935 nunc
524 910 606 935 non
627 895 735 935 abire
755 903 906 934 certum
928 903 986 934 est
1008 895 1104 934 istac
1124 896 1270 946 gratia,

238 962 414 1001 lubidost
435 963 550 1000 ludos
572 969 661 1000 tuos
683 968 870 1011 spectare,
896 962 1103 1000 Pseudole.

238 1036 277 1066 et
298 1027 329 1066 si
350 1029 456 1066 hunc
477 1026 625 1066 uidebo
646 1040 728 1064 non
749 1027 842 1065 dare
862 1034 1067 1076 argentum
1089 1026 1160 1065 tibi

238 1094 348 1143 quod
368 1092 475 1139 dixit,
499 1091 630 1142 potius
651 1105 772 1142 quam
794 1091 834 1130 id
856 1105 937 1130 non
959 1092 1025 1130 fiat
1047 1105 1119 1142 ego
1140 1093 1257 1131 dabo.

238 1159 356 1197 Smo.
380 1171 461 1196 non
475 1157 703 1197 demutabo.
747 1159 809 1196 Ps.
833 1171 1007 1208 namque
1024 1159 1177 1208 edepol,
1195 1158 1225 1196 si
1242 1171 1322 1196 non
1340 1158 1465 1206 dabis,

238 1225 409 1263 clamore
431 1237 576 1274 magno
597 1230 635 1262 et
656 1224 825 1262 multum
846 1222 1082 1273 flagitabere.

235 1289 338 1340 agite
358 1287 577 1327 amolimini
599 1287 691 1326 hinc
712 1301 784 1326 uos
805 1287 907 1326 intro
928 1288 1114 1326 nunciam

236 1367 283 1392 ac
304 1353 401 1392 meis
422 1352 596 1392 uicissim
618 1354 710 1392 date
731 1354 863 1391 locum
885 1353 1057 1392 fallaciis.

237 1419 363 1459 CALL.
396 1420 474 1466 fiat,
496 1426 651 1469 geratur
671 1431 758 1457 mos
780 1418 862 1457 tibi.
924 1420 986 1457 Ps.
1020 1420 1090 1458 sed
1111 1427 1149 1458 te
1170 1420 1263 1458 uolo

237 1483 480 1534 domiusque
493 1485 643 1523 adesse.
677 1484 802 1523 CALL.
826 1483 1000 1534 quintibi
1015 1485 1116 1522 hanc
1132 1497 1291 1534 operam
1309 1485 1468 1524 dico.—

236 1551 353 1588 SIMO.
386 1557 425 1588 at
452 1563 526 1600 ego
555 1551 605 1588 ad
633 1550 760 1588 forum
789 1549 866 1588 ibo.
927 1549 1004 1588 iam
1035 1550 1099 1588 hic
1129 1553 1330 1589 ero-PS.
1363 1559 1469 1590 actu-

1265 1624 1347 1655 tum
1370 1618 1463 1656 redi.

235 1681 408 1733 suspicio
429 1688 487 1720 est
508 1680 561 1719 mi
583 1694 690 1720 nunc
711 1694 782 1720 uos
804 1681 1046 1732 suspicarier‚

235 1761 298 1786 me
320 1747 467 1786 idcirco
488 1748 586 1786 haec
606 1754 715 1785 tanta
736 1746 909 1786 facinora
930 1747 1168 1798 promittere,

233 1812 302 1863 qui
322 1825 393 1850 uos
415 1812 624 1859 oblectem,
648 1813 749 1850 hanc
770 1812 943 1851 fabulam
965 1814 1060 1851 dum
1083 1812 1305 1863 transigam,

233 1891 364 1928 neque
385 1877 457 1916 sim
480 1879 651 1916 facturus
672 1879 781 1928 quod
802 1879 996 1916 facturum
1017 1878 1202 1917 dixeram.

169 1991 232 2022 542
257 1983 400 2014 audeam
426 1982 590 2022 Pylades:
630 1983 772 2014 audeam
805 1995 882 2015 cum
915 1986 1028 2026 glossa
1061 1986 1172 2017 facere
1205 1985 1256 2016 uel
1290 1986 1403 2016 dicere
1435 1984 1467 2015 P

127 2027 283 2063 (audeam
298 2027 408 2058 facere
425 2026 467 2065 Β,
479 2027 619 2057 audeam
637 2027 750 2058 dicere
765 2026 855 2064 PCD)
991 2039 1054 2069 543
1072 2031 1246 2070 conspecti
1258 2029 1324 2061 cod.
1415 2030 1460 2060 in.

128 2069 186 2111 [de
205 2071 286 2102 istac
303 2071 355 2112 re]
377 2070 442 2101 cod.
463 2070 675 2111 (marginalis
691 2071 875 2103 emendatio
893 2072 940 2103 ad
952 2084 981 2104 v.
999 2074 1077 2114 544)
1212 2084 1276 2113 544
1302 2074 1343 2104 de
1361 2084 1400 2104 ea
1425 2084 1460 2104 re

126 2114 194 2146 cod.
222 2113 294 2156 (sed
315 2115 350 2154 cf
371 2114 418 2145 ad
443 2125 471 2146 v.
500 2118 578 2154 543)
671 2116 916 2147 conueniamus
939 2117 1005 2148 cod.
1139 2120 1220 2157 544³
1248 2118 1317 2149 secl.
1339 2117 1463 2156 Ussing

127 2168 202 2189 curn
224 2158 258 2189 in
277 2158 362 2189 libro
390 2158 528 2189 Guietus
552 2158 622 2199 (sed
642 2159 680 2199 cs.
707 2157 859 2199 Lindsay
879 2162 983 2201 pretty<
1011 2162 1045 2191 in
1072 2161 1163 2202 Capi.
1186 2172 1219 2201 p.
1243 2163 1300 2200 39)
1405 2162 1461 2192 vix

127 2201 214 2233 libro
303 2203 360 2232 vix
375 2202 395 2234 l.
414 2212 545 2234 conscr.
671 2212 736 2241 549
761 2214 892 2234 mecum
912 2210 1094 2235 statueram
1113 2204 1251 2243 Lorens,
1270 2206 1323 2235 cui
1336 2206 1458 2236 consti-

127 2250 256 2277 tueram
274 2245 414 2287 dzspliset
544 2255 607 2285 552
632 2245 745 2277 accedit
760 2247 792 2277 A
885 2248 955 2309 gin]
975 2249 1071 2279 ludos
1087 2249 1120 2279 A
1142 2250 1201 2289 (iv.
1226 2250 1260 2289 3)
1396 2260 1459 2289 554

127 2289 196 2320 dixi
220 2289 254 2319 P
382 2290 447 2329 556
471 2289 576 2320 multo
601 2289 654 2327 P‘,
683 2291 822 2321 multum
848 2291 881 2322 P
924 2296 962 2322 ut
982 2292 1045 2323 vid.
1191 2304 1255 2333 559
1279 2294 1406 2333 giratur
1425 2295 1458 2323 A

127 2333 215 2375 mos]
234 2343 294 2364 nos
312 2332 345 2364 P
359 2334 453 2374 (corr.
472 2333 519 2363 Di
633 2335 699 2372 560
722 2335 801 2374 quid
819 2335 851 2365 A
961 2338 1021 2375 561
1050 2337 1125 2377 ero]
1146 2338 1248 2368 adero
1262 2338 1294 2368 P
1396 2340 1458 2377 563

125 2375 222 2419 (his)
254 2388 358 2417 prom.
395 2376 529 2415 Rr’tschl,
565 2387 644 2407 uam
679 2378 826 2409 facinora
861 2385 1045 2420 suspeclmn
1063 2392 1068 2410 :
1100 2382 1180 2419 sort.
1214 2381 1316 2424 (ero)
1352 2393 1458 2422 prom.

126 2421 188 2460 564
213 2422 267 2460 qui
281 2421 356 2452 Ital.
376 2433 382 2451 ε
406 2431 471 2462 quo
485 2421 517 2451 A
540 2421 591 2459 (cf
612 2420 743 2452 Kienitz
764 2422 821 2453 ‘de
838 2425 1012 2464 qnilocal.'
1030 2435 1060 2464 p.
1082 2426 1159 2464 55ῐῆ
1179 2437 1185 2455 :
1210 2426 1291 2466 quin
1306 2426 1338 2458 P

1499 316 1560 349 130

1496 646 1556 680 135

1494 975 1555 1006 140

1493 1302 1551 1335 ¹45

1489 1697 1548 1728 150
