1747 2740
597 132 1010 173 TRVCVLENTVS
1430 131 1497 168 IV.
1522 132 1569 168 iv

166 247 337 299 cogitato
359 261 446 286 mus
466 246 630 298 pusillus
651 259 770 296 quam
792 245 840 283 sit
861 244 1017 295 sapiens
1038 243 1173 289 bestia,
1522 254 1560 286 15

165 321 334 352 aetatem
355 313 422 363 qui
444 327 524 351 non
545 312 664 351 cubili
685 310 788 363 (uni)
808 324 996 360 umquam
1019 308 1230 348 committit
1251 322 1374 354 suam,

79 386 149 427 870
167 378 270 429 quia,
292 378 323 417 si
345 392 468 416 unum
490 376 634 416 ostium
656 376 894 427 opsideatur,
917 375 1023 413 aliud
1045 373 1264 425 perfugium
1287 373 1442 424 †gerit†.

170 446 234 482 D1.
291 443 414 482 otium
456 442 523 482 ubi
559 441 640 489 erit,
682 443 732 481 de
768 441 849 480 istis
889 441 1005 480 rebus
1045 448 1128 478 tum
1168 439 1337 489 amplius
1373 447 1502 477 tecum

1353 506 1502 554 loquar.

167 586 274 612 nunc
294 586 459 624 puerum
480 574 613 612 redde.
675 575 749 611 PH.
781 572 904 610 immo
924 571 1068 610 amabo
1088 578 1131 609 ut
1152 571 1225 609 hos
1245 569 1329 609 dies
1350 569 1503 619 aliquos

1399 647 1503 672 smas

166 717 257 742 eum
279 716 364 743 esse
383 704 491 754 apud
517 716 590 742 me.
653 705 718 741 D1.
751 703 924 741 minime.
986 704 1060 739 PH.
1091 701 1247 740 amabo.
1309 702 1374 738 D1.
1407 699 1504 750 quid
1527 712 1565 734 20

745 767 830 820 (eo)
850 768 995 818 opust?
1053 768 1127 804 PH.
1160 766 1200 804 in
1221 779 1303 805 rem
1324 772 1502 804 meamst.

168 834 340 874 triduom
361 835 438 873 hoc
459 835 607 880 saltem,
632 835 728 872 dum
751 833 862 872 miles
882 833 1016 883 aliquo
1037 831 1353 879 circumducitur,

79 903 144 948 875
167 899 252 939 sine
280 913 343 939 me
370 899 515 938 habere
535 915 541 938 :
581 899 778 950 siquidem
803 899 973 946 habebo,
997 897 1068 937 tibi
1092 911 1253 948 quoque
1281 896 1398 936 etiam
1420 910 1505 946 pro·

1377 962 1476 1001 derit
1494 976 1504 1009 ;

166 1030 197 1069 si
217 1031 368 1070 auferes
391 1028 602 1083 [puerum]‚
625 1044 649 1068 a
669 1029 792 1068 milite
812 1028 942 1068 omnis
964 1026 1084 1083 [tum]
1107 1028 1203 1067 mihi
1224 1042 1313 1079 spes
1329 1028 1502 1066 animam

1290 1093 1500 1132 ecflauerit.

167 1164 233 1200 D1.
265 1163 411 1200 factum
432 1161 561 1212 cupio,
585 1175 675 1199 nam
699 1162 868 1200 refacere
889 1160 920 1199 si
941 1160 1075 1208 uelim,
1096 1173 1177 1199 non
1199 1167 1257 1198 est
1277 1161 1387 1198 locus
1403 1173 1413 1206 3

119 1259 122 1261 Α
165 1240 272 1265 nunc
293 1240 415 1277 puero
436 1234 545 1265 utere
565 1234 604 1265 et
624 1240 801 1277 procura,
825 1227 987 1276 quando
1008 1239 1079 1276 pro
1100 1239 1192 1264 cura
1211 1239 1277 1264 aes
1299 1225 1432 1263 habes.
1524 1235 1562 1267 25

166 1293 241 1330 PH.
273 1294 441 1330 multum
470 1305 562 1330 amo
596 1299 635 1330 te
669 1292 721 1331 ob
756 1292 869 1330 istam
904 1305 986 1330 rem
1027 1299 1230 1330 mecastor.
1290 1290 1358 1329 ubi
1392 1290 1503 1329 domi

679 1354 682 1360 '
1168 1363 1318 1395 metues
1341 1357 1500 1402 malum,

79 1428 148 1462 880
166 1422 290 1472 fugito
311 1423 388 1461 huc
408 1424 459 1461 ad
481 1436 544 1461 me
561 1438 568 1461 :
599 1424 738 1461 saltem
759 1422 909 1461 amicus
931 1422 984 1460 mi
1005 1429 1090 1461 esto
1110 1421 1392 1460 manubiarius.

169 1488 235 1526 D1.
268 1487 369 1526 bene
399 1489 496 1535 uale,
527 1487 799 1526 Phronesium.
860 1489 934 1526 PH.
967 1487 1044 1526 iam
1073 1485 1173 1539 (me)
1201 1494 1311 1525 tuom
1342 1488 1501 1525 oculum

1215 1551 1332 1604 (non)
1351 1566 1470 1591 uocas
1487 1554 1503 1591 ?

167 1619 232 1656 D1.
265 1618 304 1656 id
325 1631 485 1669 quoque
506 1618 702 1657 interatim
724 1618 854 1657 furtim
877 1632 1024 1658 nomen
1045 1617 1431 1657 commemorabitur.

209 1724 274 1754 868
298 1724 408 1755 uestia
423 1723 489 1755 cod.
628 1725 693 1764 869
716 1725 798 1763 quin
817 1724 996 1755 ocubilium
1009 1734 1109 1763 quam
1123 1723 1189 1754 cod.
1209 1736 1215 1754 :
1239 1734 1317 1755 corr.
1332 1724 1506 1755 Buecheler

164 1778 262 1798 suurn
279 1767 344 1798 cod.
367 1768 417 1807 ''cf
439 1767 487 1797 ad
506 1767 592 1798 Trin.
616 1770 714 1808 1090)
850 1769 916 1806 870
938 1769 1018 1807 quin
1037 1767 1140 1798 Bothe
1229 1768 1350 1798 ostium
1367 1768 1506 1798 Mueller

165 1811 299 1848 (Herm.
318 1822 372 1850 34.
390 1814 469 1850 335}
488 1824 494 1842 z
518 1812 631 1842 odium
646 1812 695 1843 B:
723 1822 788 1843 om.
811 1811 885 1842 ΡΠ)
902 1813 1030 1851 [et-sort.
1049 1811 1115 1842 cod.
1134 1823 1142 1849 ;
1167 1812 1203 1852 cf.
1224 1822 1253 1843 υ.
1273 1812 1350 1850 871)
1443 1813 1501 1842 ob-

164 1855 305 1886 sidiator
320 1853 387 1886 cod.
453 1855 553 1885 alium
570 1855 636 1886 cod.
709 1866 739 1895 q.
758 1856 786 1886 si
804 1866 834 1886 u.
852 1865 906 1894 op.
929 1856 1020 1886 aliud
1038 1854 1148 1898 (iarn)
1166 1865 1197 1894 p.
1214 1854 1400 1897 <ele>gerit
1417 1855 1499 1887 Leo:

154 1899 237 1938 sort.
255 1898 297 1930 al.
311 1909 343 1938 p.
359 1899 389 1928 ei
403 1899 466 1929 erit
555 1900 616 1938 871
643 1899 754 1930 odium
769 1899 835 1930 cod.
917 1900 980 1938 872
1002 1900 1122 1930 amabo
1140 1898 1243 1929 Bothe
1252 1902 1328 1939 post
1344 1898 1501 1929 Camera-

166 1943 256 1972 rium
272 1954 278 1973 ς
304 1943 368 1972 iam
379 1942 442 1973 abo
468 1941 533 1972 cod,
557 1943 636 1982 (iam
653 1943 729 1974 abio
746 1942 836 1983 PCD)
943 1944 1005 1982 873
1030 1943 1110 1983 quid
1124 1953 1210 1982 opus
1228 1943 1300 1973 iure
1318 1953 1392 1973 mea
1409 1942 1475 1974 cod.
1495 1955 1502 1974 ε

165 1996 247 2016 corr.
260 1985 484 2023 Stndemund,
500 1985 723 2025 Camerarius,
738 1986 850 2022 Bothe,
866 1985 1055 2017 Lambinus
1142 1988 1205 2026 874
1224 1987 1341 2017 saltem
1353 1985 1503 2028 (unum)

168 2029 305 2059 [Mueller
404 2029 516 2068 aliquo
533 2030 620 2061 milis
635 2029 700 2061 cod.
723 2041 730 2061 t
761 2031 832 2061 trm'.
852 2030 955 2061 Bothe
974 2031 1020 2070 (ii.
1046 2041 1056 2060 1
1092 2042 1097 2059 :
1124 2029 1213 2072 (mi)
1230 2031 1271 2061 al.
1290 2030 1358 2060 mil.
1375 2030 1505 2060 Schoell

165 2072 266 2112 aliqui
293 2072 551 2113 Spengelzsort.
576 2074 687 2113 aliqua
820 2074 884 2112 875
911 2074 948 2104 In
973 2084 1047 2104 eam
1069 2084 1137 2104 rem
1163 2074 1275 2113 siquid
1298 2074 1386 2105 cod.:
1421 2085 1499 2106 corr.

165 2116 339 2147 Buecheler
354 2116 406 2155 <ff-
427 2116 473 2146 ad
489 2116 574 2148 Men.
595 2119 674 2158 452)
807 2118 872 2156 876
896 2128 1038 2158 puerum
1057 2117 1113 2148 del.
1138 2117 1273 2149 Guietus
1355 2122 1422 2148 tum
1440 2118 1497 2150 del.

167 2158 306 2190 Mueller
370 2160 512 2190 animam
529 2159 659 2191 Merula
676 2172 683 2192 :
707 2161 820 2192 anima
837 2161 900 2192 cod.
1003 2162 1065 2200 877
1092 2162 1248 2191 nefacere
1265 2161 1339 2192 Ital.
1436 2163 1501 2201 878

166 2213 228 2242 pro
251 2213 331 2234 cura
355 2214 414 2234 aes
439 2203 584 2234 Srhoell:
616 2215 778 2244 procures
803 2205 891 2236 cod.:
927 2215 1014 2244 quor
1033 2215 1131 2235 cures
1147 2204 1213 2235 Leo
1335 2206 1400 2244 879
1423 2216 1500 2236 amo

166 2245 291 2276 Bothe:
314 2247 433 2277 amabo
450 2247 513 2278 cod.
619 2249 684 2280 880
708 2249 962 2279 manubinarius
977 2249 1043 2279 cod.
1061 2262 1066 2280 ε
1091 2260 1134 2279 an
1149 2250 1336 2279 mutuarius
1369 2250 1459 2279 -tuit-
1490 2251 1500 2280 2

165 2291 226 2320 881
263 2300 314 2320 me
338 2295 366 2320 et
389 2301 455 2320 non
485 2290 560 2322 add.
592 2291 805 2323 Camerarius
892 2297 985 2322 tuum
1012 2292 1110 2323 irak:
1143 2300 1212 2322 tum
1233 2292 1297 2323 cod.
1435 2293 1499 2323 882

165 2333 335 2364 interatim
364 2334 476 2364 furtim
501 2336 634 2375 scripsi:
670 2336 803 2366 interim
829 2335 955 2366 futatim
982 2335 1045 2366 cod.
1075 2337 1123 2373 «xii.
1151 2346 1181 2375 p.
1208 2337 1287 2375 38¹³:
1321 2337 1339 2367 i.
1366 2336 1498 2369 furatim

164 2375 299 2418 Lipsius
389 2380 712 2411 commemorauiter
728 2379 792 2411 cod.
811 2391 818 2410 ε
843 2389 921 2411 corr.
945 2379 1159 2411 Camerarius
