1747 2740
616 136 1021 179 MOSTELLARIA
1412 137 1490 175 III.
1511 135 1525 174 i

156 260 224 307 qu‘l
246 253 342 293 mihi
364 267 494 303 neque
515 254 652 291 faenus
674 266 804 302 neque
827 261 971 290 sortem
994 251 1142 301 argenti
1165 252 1330 289 danunt.
1515 265 1557 295 30

156 322 236 359 ΤΗ.
269 333 350 370 quo
380 320 416 358 te
446 318 558 368 agis?
614 319 690 356 TR.
724 331 798 356 nec
829 330 1032 367 quoquam
1063 316 1175 354 abeo.
1236 318 1285 354 ne
1313 330 1386 366 ego
1408 329 1493 353 sum

1365 381 1492 428 miser,

156 453 355 497 scelestus,
379 457 493 488 natus
515 448 575 488 dis
596 448 767 487 inimicis
789 448 986 487 omnibus.

157 517 234 555 iam
255 517 322 555 illo
343 522 549 567 praesente
569 514 705 553 adibit.
770 529 819 552 ne
842 528 914 564 ego
936 515 1058 552 homo
1079 527 1166 551 sum
1189 512 1316 559 miser,

71 584 135 629 565
157 582 211 620 ita
231 589 270 620 et
290 581 383 619 hinc
403 588 442 619 et
463 580 569 618 illinc
591 579 644 618 mi
667 578 855 618 exhibent
877 579 1093 629 negotium.

157 648 228 685 sed
249 647 456 697 occupabo
476 646 598 685 adire.
661 648 738 683 DA.
773 645 836 683 hic
857 646 908 683 ad
930 658 993 682 me
1014 643 1052 690 it,
1077 645 1198 681 saluo'
1220 657 1318 690 sum,
1515 653 1554 685 35

156 725 246 763 spes
267 719 325 751 est
346 712 396 750 de
416 719 592 762 argento.
650 713 730 749 TR.
763 712 909 748 hilarus
932 718 989 748 est
1008 724 1014 746 z
1045 710 1183 746 frustra
1204 717 1261 746 est
1283 710 1416 747 homo.

155 779 306 816 saluere
327 777 446 816 iubeo
468 785 516 825 te,
543 776 834 827 Misargyrides,
860 776 973 814 bene.

158 844 234 881 DA.
267 845 376 882 salue
397 851 434 882 et
455 851 508 881 tu.
569 842 666 893 quid
688 844 738 881 de
759 842 991 892 argentost?
1048 841 1124 877 TR.
1156 839 1221 877 abi
1243 839 1304 886 sis,
1329 839 1455 878 belua.

70 918 138 955 570
155 908 347 947 continuo
368 908 587 947 adueniens
608 908 733 958 pilum
755 906 923 945 iniecisti
946 905 1052 943 mihi.

157 975 233 1012 DA.
267 974 331 1012 hic
353 975 474 1013 homo
496 973 624 1012 ineinis
643 980 710 1012 est.
763 974 840 1010 TR.
874 971 938 1009 hic
960 972 1082 1009 homo
1105 978 1163 1008 est
1184 978 1289 1008 certe
1310 969 1492 1007 hariolus.
1516 978 1559 1009 40

157 1041 233 1078 DA.
266 1039 363 1090 quin
384 1047 425 1077 tu
447 1039 540 1077 istas
564 1038 685 1076 mittis
707 1037 852 1076 tricas?
909 1038 984 1074 TR.
1020 1036 1114 1085 quin
1138 1035 1235 1085 quid
1256 1035 1315 1073 uis
1337 1036 1448 1073 cedo.

156 1107 232 1144 DA.
266 1105 335 1143 ubi
356 1105 607 1143 Philolaches
629 1105 717 1143 est?
774 1105 850 1141 TR.
886 1115 1107 1151 numquam
1130 1100 1292 1151 potuisti
1314 1100 1410 1138 mihi

155 1170 278 1221 magis
299 1178 546 1220 opportunus
567 1167 774 1221 aduen<ire
796 1166 935 1219 quam>
954 1166 1131 1206 aduenis.

69 1244 132 1281 575
158 1238 232 1274 DA.
265 1235 362 1286 quid
383 1237 474 1274 est?
530 1237 607 1273 TR.
640 1236 820 1274 concede
841 1235 930 1272 huc.
992 1233 1088 1285 (DA.
1122 1231 1217 1282 quin
1241 1231 1335 1269 mihi
1358 1233 1494 1270 faenus

693 1309 697 1315 ⁴
1273 1295 1465 1348 red>ditur
1479 1298 1495 1334 ?

154 1369 230 1405 TR.
263 1366 345 1406 scio
367 1368 404 1405 te
425 1367 532 1405 bona
552 1380 638 1405 esse
659 1380 774 1413 uoce,
794 1379 844 1404 ne
865 1366 992 1403 clama
1013 1363 1139 1402 nimis.
1511 1368 1553 1400 45

157 1435 233 1471 DA.
265 1446 339 1483 ego
360 1434 491 1471 hercle
512 1446 608 1471 uero
629 1434 770 1470 clamo.
831 1433 910 1468 TR.
940 1432 1003 1477 ah,
1026 1443 1115 1480 gere
1138 1442 1288 1467 morem
1310 1427 1418 1466 mihi.

158 1499 234 1536 DA.
265 1497 363 1548 quid
384 1497 455 1537 tibi
477 1511 550 1548 ego
572 1511 723 1536 morem
745 1496 805 1535 uis
825 1498 988 1547 geram?
1035 1497 1111 1533 TR.
1145 1494 1211 1533 abi
1233 1508 1380 1544 quaeso
1402 1493 1495 1531 hinc

1314 1561 1491 1598 domum.

158 1631 234 1667 DA.
265 1630 438 1668 abeam?
494 1631 570 1666 TR.
605 1628 732 1667 redito
753 1629 831 1665 huc
853 1626 1005 1665 circiter
1027 1625 1202 1664 meridie.

70 1697 137 1742 580
157 1697 233 1733 DA.
266 1696 506 1733 reddeturne
527 1694 643 1745 igitur
664 1695 830 1732 faenus?
887 1694 964 1730 TR.
998 1692 1137 1729 reddet
1155 1706 1161 1728 z
1193 1704 1299 1728 nunc
1319 1689 1396 1728 abi.

159 1762 234 1799 DA.
258 1760 355 1811 quid
385 1774 459 1811 ego
489 1761 567 1798 huc
588 1773 785 1798 recursem
814 1765 881 1797 aut
917 1771 1077 1808 operam
1113 1770 1267 1795 sumam
1302 1765 1369 1795 aut
1404 1769 1494 1794 con·
1516 1767 1556 1798 50

1342 1830 1463 1860 teram
1479 1823 1495 1860 ?

156 1891 252 1942 quid
274 1891 305 1929 si
327 1891 390 1929 hic
412 1891 585 1930 manebo
607 1890 738 1941 potius
759 1891 810 1929 ad
832 1889 1028 1929 meridie?

155 1959 234 1996 TR.
264 1957 387 1995 immo
407 1956 473 1995 abi
494 1958 672 2003 domum,
695 1970 834 1995 uerum
856 1957 986 1994 hercle
1008 1957 1110 2002 dico,
1134 1954 1198 1993 abi
1221 1954 1353 1992 modo.

199 2063 263 2100 562
289 2072 349 2091 nec
375 2072 441 2100 quo
467 2071 566 2100 quom
592 2060 656 2092 cod.
684 2060 775 2101 (corr.
803 2061 862 2091 B-'i
884 2072 890 2091 :
926 2060 974 2091 vel
1000 2071 1075 2099 neq.
1214 2060 1278 2098 563
1303 2057 1400 2087 deliis
1429 2056 1496 2089 cod.

155 2107 221 2144 566
245 2116 298 2135 me
320 2105 344 2135 it
369 2105 466 2135 lma:
492 2105 576 2134 meis
600 2104 664 2137 cod.
756 2105 848 2135 salus
873 2104 939 2134 cod.
970 2104 1065 2139 (corr.
1092 2102 1152 2141 ΒΩ)
1305 2102 1369 2140 569
1394 2101 1496 2139 quide

155 2153 316 2188 argentos
332 2148 397 2179 cod.
421 2159 513 2185 tcorr.
533 2147 595 2186 5¹⁴3)
710 2158 769 2187 571
791 2147 937 2191 (Certe)
955 2147 1009 2178 hic
1028 2147 1164 2187 Sqiffnrl
1280 2156 1343 2184 574
1369 2145 1497 2183 magius

157 2193 283 2232 (maius
295 2191 385 2229 PCD)
405 2191 469 2223 cod.
489 2192 584 2231 (corr.
606 2190 651 2222 3²
671 2196 708 2222 ut
722 2192 804 2229 vid.)
928 2193 1036 2231 574-6
1061 2192 1217 2221 lammam
1235 2190 1269 2219 1'11
1296 2188 1350 2218 ΡΑ
1376 2189 1426 2227 *cs
1444 2199 1494 2219 vv.

156 2236 281 2275 596-8)
298 2236 402 2276 suppl.
424 2236 513 2274 Παλ,
534 2235 661 2266 Rstsclzl
793 2238 857 2275 576
874 2235 987 2267 accedit
1002 2235 1034 2264 A
1107 2235 1146 2264 cl.
1171 2235 1248 2264 nim.
1265 2233 1475 2263 cameram>-
1491 2243 1498 2262 :

157 2280 277 2320 elz-unat
301 2281 412 2319 mim-ie
427 2279 459 2309 A
481 2291 487 2309 :
512 2290 577 2311 om.
596 2278 629 2309 P
714 2290 776 2319 577
802 2282 907 2318 clama
926 2280 983 2315 bo)
1009 2278 1122 2308 APCD
1194 2276 1292 2316 gere]
1313 2277 1448 2306 cherem
1467 2275 1500 2304 P

158 2325 253 2355 (cm-r.
282 2323 341 2360 ΒΖ)
477 2325 540 2361 578
566 2334 677 2354 ceram
702 2324 735 2354 P
757 2331 848 2360 (corr.
874 2323 933 2357 ΙΨ)
1061 2332 1126 2361 579
1144 2322 1232 2351 hunc
1258 2320 1290 2350 P
1314 2323 1404 2356 (corr.
1432 2318 1493 2349 13²5

159 2369 223 2405 580
248 2367 365 2397 reddet
384 2377 471 2397 nunc
493 2367 628 2397 Gm'cfus
643 2379 650 2397 t
684 2368 846 2398 reddetur
862 2378 949 2396 nunc
967 2365 1054 2396 codd.
1070 2378 1075 2396 ς
1111 2366 1316 2395 reddeturne
1331 2364 1494 2404 (qffirmw

159 2412 231 2447 lim)
252 2411 314 2440 Lm
456 2412 518 2448 582
540 2415 613 2450 pos!
635 2412 663 2441 si
689 2411 888 2452 discrrpnlmt
908 2411 939 2440 sl
965 2411 1006 2444 (Si
1033 2420 1119 2440 man.
1146 2410 1199 2439 hic
1225 2420 1255 2447 p.
1271 2411 1296 2440 2)
1432 2408 1495 2446 583

159 2455 210 2484 abi
230 2453 326 2496 (abi)
345 2465 384 2484 in.
408 2454 532 2484 Βὴλ-(ΙΙΙ
546 2455 598 2484 cns
612 2455 686 2485 dico
709 2456 712 2495 ξ
734 2455 786 2485 abi
805 2455 943 2495 displicet
1032 2454 1130 2484 modo
1148 2453 1198 2484 P:
1225 2453 1360 2492 domum
1378 2451 1409 2481 A
