1747 2740
176 111 208 154 I.
229 125 262 153 v
652 112 699 153 T.
733 113 914 153 MACCI
947 110 1151 151 PLAVTI

338 225 430 265 estis
465 227 632 265 uectae?
682 227 751 262 ΡΑ.
793 225 1023 263 admodum.
1084 225 1151 261 PT.
1183 237 1276 274 ergo
1298 223 1464 275 aequius
1493 236 1566 262 uos

1486 298 1567 328 erat

338 356 570 395 candidatas
592 355 727 395 uenire
748 355 1041 405 hostiatasque:
1071 356 1122 394 ad
1143 356 1220 393 hoc
1587 368 1658 402 270

338 424 473 460 fanum
493 423 544 461 ad
567 421 694 460 istunc
716 422 880 460 modum
903 434 983 459 non
1005 420 1129 459 ueniri
1151 422 1260 459 solet.

173 499 209 530 15
339 489 407 525 ΡΑ.
441 501 594 538 quaene
616 486 764 525 eiectae
785 501 806 525 e
829 485 924 524 mari
946 485 1068 524 simus
1088 486 1241 534 ambae,
1265 499 1441 537 opsecro,

338 554 445 591 unde
467 567 538 591 nos
559 552 707 591 hostias
728 565 843 602 agere
865 551 1025 590 uoluisti
1052 551 1056 603 Ι
1084 553 1191 590 hue?

339 632 446 656 nunc
467 618 538 657 tibi
558 617 834 668 amplectimur
855 630 985 667 genua
1005 624 1164 667 egentes
1186 630 1320 668 opum,

340 698 440 734 quae
462 683 501 722 in
522 683 619 722 locis
641 683 783 722 nesciis
805 682 938 721 nescia
959 696 1028 733 spe
1049 696 1199 731 sumus,
1590 697 1656 734 275

340 756 382 787 ut
403 757 471 788 tuo
492 749 655 799 recipias
678 756 783 787 tecto
806 761 1019 798 seruesque
1040 761 1112 786 nos

170 832 210 854 20
340 814 663 864 miseriarumque
685 822 722 852 te
743 813 950 851 ambarum
972 813 1028 851 uti
1050 813 1241 860 misereat,

285 879 429 929 quibus
451 893 523 917 nec
544 881 671 917 locust
694 880 796 917 ullus
818 892 891 917 nec
912 892 1001 929 spes
1023 887 1167 929 parata,

285 959 414 995 neque
436 946 511 983 hoc
531 945 701 995 amplius
726 942 881 998 [quam]
904 946 1012 995 quod
1035 945 1146 984 uides
1168 945 1284 984 nobis
1305 945 1566 996 quicquamst.

288 1011 353 1048 PT.
388 1024 527 1049 manus
549 1010 602 1048 mi
623 1012 725 1057 date,
750 1010 944 1061 exsurgite
964 1024 987 1049 a
1007 1010 1174 1061 genibus
1194 1011 1346 1049 ambae.
1590 1016 1659 1050 280

286 1075 574 1115 misericordior
590 1077 696 1114 nulla
719 1090 782 1114 me
803 1084 861 1114 est
883 1076 1128 1114 feminarum.

174 1154 211 1186 25
286 1142 355 1180 sed
377 1142 474 1179 haec
496 1155 687 1191 pauperes
709 1155 768 1180 res
791 1149 883 1179 sunt
904 1139 1172 1194 inopes[que]‚
1196 1143 1373 1192 puellae:

232 1214 388 1257 egomet
409 1206 474 1244 uix
494 1206 616 1245 uitam
638 1208 752 1255 co103
782 1207 928 1246 Veneri
949 1207 1040 1246 cibo
1062 1221 1152 1246 meo
1173 1207 1312 1246 Seruio.

450 1274 532 1310 ΑΜ.
565 1272 730 1311 Veneris
754 1274 900 1319 fanum,
925 1286 1102 1323 opsecro,
1126 1274 1203 1311 hoe
1224 1275 1311 1311 est?

343 1339 409 1376 PT.
442 1340 576 1377 fateor.
626 1352 700 1389 ego
721 1339 838 1377 huius
860 1338 939 1377 fani
961 1339 1144 1377 sacerdos
1166 1339 1290 1377 clueo.

343 1417 480 1442 uerum
503 1403 698 1453 quidquid
719 1412 777 1442 est
798 1403 964 1443 comiter
985 1405 1051 1442 fiet
1071 1417 1094 1442 a
1115 1417 1188 1450 me,
1297 1398 1301 1399 ⁷

175 1483 216 1514 30
398 1483 478 1519 quo
501 1483 605 1507 nunc
626 1469 742 1520 copia
762 1469 919 1508 ualebit.

343 1533 395 1572 ite
417 1535 490 1573 hac
512 1548 680 1573 mecum.
742 1537 810 1573 PA.
843 1534 971 1573 amice
993 1534 1244 1586 benigneque
1265 1537 1469 1583 honorem,

397 1608 531 1647 mater,
554 1608 732 1639 nostrum
754 1600 1017 1640 habes—PT.
1051 1609 1274 1652 oportet.—

1595 1352 1613 1377 υ

1617 1343 1636 1377 0:

1641 1350 1658 1387 υἱ

732 1788 970 1836 ACTVS
1025 1790 1073 1836 II

126 1888 217 1927 II.i
732 1891 1086 1929 P1sci-xT0REs

237 1977 427 2017 Omnibu'
450 1977 578 2016 modis
600 1977 665 2027 qui
688 1991 880 2028 pauperes
902 1986 992 2017 sunt
1014 1978 1195 2018 homines
1224 1979 1353 2018 miseri
1375 1979 1525 2028 uiuont,
1593 1996 1662 2031 290

283 2093 345 2122 272
370 2093 455 2122 quae
475 2094 536 2113 nec
553 2083 618 2114 cod.
640 2094 732 2123 ison.
756 2084 820 2113 [325
897 2085 1003 2115 simus
1019 2084 1174 2123 Benllqv:
1199 2095 1316 2115 sumus
1331 2084 1396 2116 cod.
1511 2096 1574 2126 273

241 2126 394 2157 uoluistis
415 2126 598 2157 Hermann
703 2127 767 2157 huc
786 2139 852 2158 uon
869 2128 960 2158 addit
975 2128 1040 2158 cod.
1063 2128 1204 2158 Charisii
1217 2139 1278 2167 224
1427 2140 1489 2168 274
1516 2131 1573 2161 tibi

242 2170 306 2200 iam
339 2170 518 2210 plectimur
544 2171 610 2201 cod.
762 2172 825 2210 278
861 2171 953 2202 locus
981 2177 1008 2202 ct
1035 2178 1150 2212 parata
1178 2178 1230 2203 est
1255 2172 1346 2203 cod:
1381 2183 1463 2203 corr.
1491 2173 1575 2204 Reiz

243 2214 294 2253 (rs.
319 2214 364 2244 ad
386 2212 480 2246 Marc.
504 2216 585 2254 330)
676 2215 770 2246 locus
794 2215 903 2246 nullus
929 2226 960 2245 n.
980 2226 1006 2247 s,
1030 2221 1146 2255 parata
1169 2222 1221 2246 est
1241 2215 1381 2257 Spengel
1511 2227 1575 2256 279

240 2268 340 2296 quam
362 2257 420 2288 del.
446 2258 537 2291 Reiz.
555 2270 637 2289 uam
658 2259 754 2290 uides
770 2261 803 2289 in
820 2270 914 2290 mrsu
937 2260 1100 2290 bacchium
1119 2259 1260 2300 displice!
1346 2265 1427 2300 quot
1452 2261 1574 2291 uidens

242 2301 338 2332 nobis
354 2302 409 2341 qui
426 2308 524 2342 quast
545 2302 609 2334 cod.
761 2304 824 2333 282
850 2304 970 2342 inopes
991 2303 1170 2333 Hermann
1188 2315 1195 2334 :
1219 2305 1274 2334 vix
1290 2303 1575 2345 inopesq'spotr'ns

243 2343 387 2386 piiEllae)
514 2348 576 2385 283
593 2352 728 2385 egomet
745 2345 897 2389 (meam)
917 2347 1089 2377 Fleckeisen
1107 2351 1144 2377 u!
1160 2351 1302 2377 metrum
1321 2347 1500 2378 iambicmn
1509 2348 1576 2387 fia!

243 2389 350 2419 ueniri
375 2389 442 2420 cod.
534 2391 671 2421 semino
688 2390 755 2422 cod.
773 2396 866 2432 (corr.
886 2390 947 2430 Db
