1747 2740
140 112 262 151 11.vi
636 112 683 149 T.
718 109 901 149 MACCI
934 109 1140 147 PLAVTI

217 222 352 262 uenire
373 222 485 261 illaec
506 234 624 273 posse
641 222 761 260 credo
782 221 890 259 dona
909 232 1013 270 quae
1033 219 1068 259 ei
1089 220 1199 259 dono
1218 219 1325 260 dedi.

217 289 475 328 uehementer
496 301 603 326 nunc
624 286 721 325 mihi
742 294 802 326 est
822 286 930 333 irata,
953 285 1084 325 sentio
1102 293 1223 336 atque
1244 285 1430 337 intellego
1445 301 1457 336 ;
1584 295 1648 332 545

155 363 195 405 65
217 368 355 394 uerum
370 353 502 392 abibo.
536 353 633 404 quid
648 353 735 392 ais?
755 367 862 391 nunc
877 360 918 391 tu
933 366 1030 390 num
1044 351 1157 391 neuis
1171 353 1246 400 me,
1262 354 1446 403 uoluptas
1462 367 1562 399 mea,

216 434 298 470 quo
317 427 484 459 uocatus
505 433 593 458 sum
615 419 671 457 ire
690 420 742 458 ad
764 433 905 457 cenam
923 421 940 457 ?
969 432 1061 456 mox
1082 419 1162 456 huc
1181 417 1361 456 cubitum
1383 432 1542 457 uenero.

215 485 312 536 quid
329 487 466 524 taces?
485 483 730 535 planissume
746 485 891 534 edepol
907 482 1015 534 perii.
1047 483 1120 522 sed
1136 482 1233 533 quid
1254 482 1348 522 illuc
1364 482 1459 522 noui
1475 491 1535 522 est
1546 485 1564 522 ?

215 551 303 602 quis
331 548 433 604 (hic)
462 551 622 590 homost
652 549 719 601 qui
755 549 909 588 inducit
937 562 1129 601 pompam
1159 550 1343 588 tantam?
1372 556 1563 589 certumst

1335 627 1416 665 quo
1436 615 1562 654 ferant

215 696 438 733 opseruare.
499 681 591 721 huic
612 682 733 721 credo
754 683 885 721 fertur.
945 695 1084 721 uerum
1106 680 1184 720 iam
1206 680 1318 720 scibo
1338 680 1472 732 magis.
1583 690 1651 729 550

136 795 198 832 vii
241 795 470 835 CYAMvs
583 795 967 832 PHRONEfflVM
1080 794 1535 832 STRATOPHANES

433 877 506 917 Cv.
541 878 611 922 Ite,
636 875 689 914 ite
710 876 785 914 hac
807 874 936 922 simul,
959 874 1113 914 mulieri
1134 874 1407 926 damnigeruli,

432 943 535 982 foras
556 954 757 991 egerones,
778 940 977 979 bonorum
998 954 1206 990 exagogae.

216 1007 329 1055 satin,
362 1006 484 1058 siquis
513 1013 631 1054 amat,
655 1005 793 1056 nequit
818 1005 915 1056 quin
938 1005 1050 1044 nihili
1078 1005 1138 1053 sit,
1170 1013 1290 1056 atque
1317 1005 1495 1057 inprobis
1519 1021 1562 1047 se

1169 1071 1318 1110 artibus
1339 1072 1530 1123 exspoliat
1546 1075 1563 1112 ?

433 1153 525 1178 nam
552 1139 556 1190 Ι
584 1141 661 1178 hoc
681 1138 749 1190 qui
770 1138 905 1187 sciam,
928 1153 978 1178 ne
999 1139 1087 1190 quis
1108 1139 1149 1179 id
1170 1147 1332 1190 quaerat
1348 1155 1395 1180 ex
1415 1155 1490 1190 me,

177 1219 194 1250 5
433 1204 581 1244 domist
600 1204 668 1255 qui
689 1205 782 1243 facit
802 1204 971 1256 inprobe
991 1206 1094 1244 facta
1113 1213 1276 1255 amator,
1583 1216 1647 1255 555

487 1271 556 1321 qui
575 1271 683 1309 bona
703 1283 773 1308 sua
793 1284 865 1321 pro
885 1278 1056 1310 stercore
1077 1272 1207 1320 habet,

487 1337 591 1375 foras
611 1335 721 1375 iubet
741 1335 829 1374 ferri
849 1351 856 1374 :
888 1336 1029 1375 metuit
1582 1350 1599 1387 5
1606 1341 1670 1387 56⁸

489 1401 722 1453 †publicos†
739 1417 745 1440 :
778 1401 1070 1440 mundissumu’
1100 1403 1143 1441 fit
1161 1418 1171 1451 3

217 1481 334 1519 puras
354 1481 441 1507 esse
461 1466 536 1506 sibi
556 1468 640 1506 uolt
660 1466 770 1506 aedis
789 1483 797 1506 ε
830 1467 941 1506 domi
962 1467 1159 1518 quidquid
1180 1469 1300 1508 habet
1321 1468 1460 1509 eicitur
1480 1470 1557 1517 ἔξω.

261 1575 325 1614 546
348 1574 449 1605 adibo
476 1584 555 1604 corr.
582 1572 639 1604 ab·
666 1576 703 1602 ut
727 1572 790 1603 vid.
815 1572 881 1604 cod.
910 1573 1046 1613 (abdibo
1068 1572 1102 1603 Β
1115 1585 1122 1604 x
1146 1573 1246 1604 adibo
1270 1573 1361 1615 PCD)
1497 1585 1559 1615 547

217 1628 286 1649 nox
302 1618 479 1649 Fleckeisen
569 1627 611 1647 m.
637 1617 747 1647 adhuc
772 1617 804 1646 Β
916 1627 1045 1648 uenero
1069 1616 1208 1658 Bugge:
1235 1618 1332 1648 inero
1349 1617 1438 1650 cod.:
1464 1618 1560 1651 iuero

215 1662 292 1693 Ital.
427 1661 492 1700 548
516 1661 594 1691 noui
611 1659 770 1701 Spengel:
795 1660 874 1691 boni
888 1660 955 1692 cod.
977 1663 1052 1702 (pro
1066 1662 1185 1701 uonil)
1320 1671 1384 1701 549
1408 1662 1462 1693 hic
1479 1662 1558 1695 add.

215 1704 355 1746 Seyffert
430 1705 521 1736 ducit
536 1704 641 1735 Bothe
746 1714 805 1744 551
826 1704 982 1735 mulierei
1000 1704 1066 1735 cod.
1085 1705 1238 1746 (antiqua
1242 1705 1378 1745 forma)
1399 1706 1465 1743 (vel
1477 1707 1557 1738 muli

216 1749 300 1790 erei)
429 1758 495 1789 552
519 1759 688 1788 egerones
706 1747 824 1789 Bugge
838 1760 845 1779 :
870 1749 1024 1788 gerronis
1040 1748 1107 1780 cod.
1209 1759 1385 1789 exagogae
1402 1749 1533 1781 Merula
1549 1762 1556 1781 ε

216 1803 368 1833 axagoce
387 1792 499 1832 (maca
516 1802 602 1832 goce
617 1791 664 1832 B)
683 1792 750 1824 cod.
900 1802 965 1832 553
981 1803 1019 1823 se
1039 1795 1110 1833 (pro
1125 1793 1175 1824 sei
1189 1794 1215 1832 2)
1230 1793 1304 1832 quis
1319 1793 1386 1824 cod.
1470 1795 1552 1834 fort.

217 1846 363 1877 nequam
382 1836 456 1875 (del.
475 1837 579 1876 quin;
605 1836 642 1876 cf.
669 1835 718 1866 ad
740 1847 790 1867 vv.
815 1837 890 1876 488,
917 1838 996 1876 595)
1023 1836 1165 1877 nihilist,
1191 1848 1273 1867 nam
1297 1848 1352 1867 nec
1373 1838 1480 1877 siquis
1506 1849 1562 1869 nec

217 1884 334 1921 nequit
345 1880 427 1911 satis
432 1881 536 1921 placet
625 1885 728 1920 atque
744 1879 936 1911 Saracenas
949 1892 955 1912 ι
981 1891 1067 1919 aque
1079 1880 1145 1912 cod.
1164 1893 1171 1912 ι
1188 1881 1270 1920 sort.
1282 1880 1404 1912 delend.
1425 1885 1461 1911 ut
1468 1882 1560 1921 fiant

217 1924 284 1956 duo
295 1924 537 1966 ggyconz‘ct'cum
548 1923 699 1955 doclmn'o
768 1924 962 1963 inprouisse
976 1925 1078 1965 (-uise
1093 1924 1178 1959 PCD)
1194 1925 1346 1965 partibus
1356 1925 1422 1956 cod.
1443 1937 1449 1956 :
1472 1937 1553 1958 corr.

219 1968 433 2000 Camerarius
476 1968 626 2008 expoliat
639 1979 685 1998 an
697 1968 864 2008 exspoliat
877 1968 982 2000 inem.
996 1967 1062 1999 cod.
1145 1978 1208 2008 554
1224 1966 1334 2012 (ego)
1346 1969 1410 2000 hoc
1423 1969 1562 2000 Mueller

217 2013 273 2053 qui
292 2013 397 2044 sciam
419 2011 515 2043 Ital.:
540 2012 615 2052 quis
632 2012 740 2043 cieam
760 2011 826 2042 cod.
1000 2021 1064 2051 555
1088 2013 1197 2043 domis
1217 2013 1311 2052 itque
1332 2013 1449 2053 (idque
1466 2012 1555 2053 PCD)

217 2056 237 2088 s.
257 2055 325 2088 cod.
341 2068 348 2087 :
372 2066 453 2087 corr.
469 2055 683 2087 Camerarius
746 2055 890 2095 inprobe
900 2056 1035 2096 scripsi:
1060 2056 1212 2096 improba
1223 2057 1289 2088 cod.
1307 2057 1357 2096 (cf
1372 2056 1420 2086 ad
1431 2068 1461 2088 v.
1478 2057 1552 2096 822,

216 2100 410 2139 M1'l.894x:
435 2098 551 2142 (tam)
574 2100 724 2140 improbe
748 2099 877 2130 Schoell
964 2100 1086 2130 domist
1108 2103 1163 2140 qui
1191 2100 1270 2131 facit
1290 2100 1376 2131 sacta
1402 2101 1555 2140 improba

215 2148 346 2174 amator
368 2144 432 2174 Leo
587 2146 661 2183 556,
681 2153 743 2183 557
769 2143 824 2174 vix
840 2142 881 2182 Q.
902 2143 932 2174 b.
951 2154 1011 2174 sua
1035 2142 1142 2186 (sibi)
1162 2155 1195 2184 p.
1215 2155 1241 2175 s.
1264 2145 1295 2175 h.
1318 2146 1433 2184 (anap.
1453 2144 1554 2182 dim.)

219 2188 253 2218 F.
276 2188 293 2218 i.
314 2188 335 2220 f.
357 2189 540 2227 (mmmmm
633 2188 689 2218 w'x
706 2187 800 2218 metit
949 2189 1014 2226 556
1030 2187 1198 2230 (domist)
1214 2191 1272 2228 qui
1297 2188 1387 2219 bona
1407 2198 1469 2218 sua
1494 2199 1556 2228 pro

217 2236 368 2262 stercore
394 2231 495 2261 habet
511 2230 578 2261 Leo
755 2241 818 2270 557
845 2231 1054 2270 puluisculos
1069 2231 1197 2263 Sclzoell
1305 2242 1348 2262 m.
1370 2232 1406 2262 fit
1422 2232 1555 2272 scripsi:

219 2275 473 2306 mundissimust
501 2275 574 2306 Ital.
595 2286 601 2305 :
636 2275 888 2305 mundissimum
914 2276 957 2305 sit
979 2275 1044 2306 cod.
1190 2277 1254 2315 558
1278 2275 1339 2306 sibi
1363 2285 1439 2306 esse
1463 2275 1555 2307 cod.:

219 2319 290 2350 trai.
308 2318 421 2352 Bothe.
442 2319 540 2348 metri
553 2329 653 2348 causa
758 2318 850 2348 aedis
879 2318 974 2350 Ital.:
1015 2319 1105 2350 asdis
1136 2319 1202 2351 cod.
1316 2320 1438 2350 eicitur
1463 2317 1554 2350 Leo:

220 2361 357 2394 neititur
384 2361 451 2393 cod.
482 2363 552 2401 (zze.
579 2362 738 2403 nititur2)
755 2374 761 2392 z
777 2363 858 2401 sort.
881 2363 1024 2397 mittitur
