1747 2740
749 142 978 182 RVDENS
1461 142 1529 181 IV.
1553 143 1599 180 iii

194 253 318 294 nihilo
339 257 404 306 pol
425 254 544 306 pluris
566 263 633 294 tua
652 257 729 294 hoc
750 269 870 306 quam
893 254 1031 305 quanti
1053 253 1149 292 illud
1171 255 1286 292 refert
1306 266 1417 291 mea:

193 334 268 371 ego
288 320 396 358 illum
418 320 512 359 noui
529 320 671 371 quoius
692 334 799 358 nunc
820 327 890 366 est,
909 327 950 358 tu
973 318 1083 357 illum
1100 317 1242 368 quoius
1258 318 1426 356 antehac
1447 316 1528 356 fuit.
1550 326 1588 358 35

193 386 299 424 hunc
320 387 442 424 homo
463 387 559 424 feret
579 399 601 423 a
622 399 686 424 me
707 399 838 432 nemo,
863 399 913 424 ne
935 392 976 423 tu
999 391 1037 423 te
1059 397 1190 434 speres
1212 383 1326 433 potis.

192 452 268 489 ΤΕ.
301 465 382 489 non
412 453 508 489 ferat
534 450 565 489 si
592 451 781 490 dominus
811 450 975 490 ueniat?
1034 451 1111 489 GR.
1144 447 1331 487 dominus
1356 447 1459 495 huic,
1482 462 1533 487 ne

1307 515 1446 552 frustra
1467 513 1533 562 sis,

103 594 174 630 970
191 579 265 619 nisi
287 595 360 631 ego
381 595 500 620 nemo
522 589 665 629 natust,
688 583 796 620 hunc
817 581 886 632 qui
907 580 995 631 cepi
1017 579 1057 618 in
1079 586 1226 618 uenatu
1248 592 1349 617 meo.

191 648 266 684 TR.
299 646 404 686 itane
434 649 557 686 uero?
615 649 693 686 GR.
726 661 895 698 ecquem
926 660 1012 685 esse
1042 645 1151 685 dices
1187 644 1226 683 in
1258 644 1353 683 mari
1384 643 1531 694 piscem

1370 723 1502 748 meum
1517 711 1534 748 ?

189 791 290 829 quos
322 792 444 828 quom
479 778 605 829 capio,
638 777 837 828 siquidem
875 777 976 828 cepi,
1014 776 1092 816 mei
1127 783 1218 815 sunt
1233 790 1243 824 3
1292 775 1423 814 habeo
1461 789 1532 825 pro
1551 787 1594 818 40

1421 854 1530 888 mels,

190 923 264 948 nec
286 923 405 948 manu
420 911 657 948 adseruntur
674 923 804 960 neque
822 909 931 947 illinc
946 916 1099 958 partem
1116 907 1328 958 quisquam
1345 907 1529 956 postulat.

190 974 229 1012 in
251 976 336 1013 foro
356 976 486 1025 palam
507 974 638 1013 omnis
659 976 794 1013 uendo
814 988 886 1024 pro
908 974 1005 1012 meis
1027 972 1246 1012 uenalibus.

102 1050 168 1087 975
191 1054 298 1078 mare
318 1040 481 1090 quidem
503 1054 718 1079 commune
739 1046 884 1078 certost
905 1038 1104 1078 omnibus.
1166 1040 1242 1076 TR.
1275 1037 1457 1077 adsentio
1475 1052 1482 1075 τ

191 1103 259 1154 qui
298 1104 428 1143 minus
466 1106 574 1143 hunc
613 1118 871 1143 communem
906 1118 1057 1155 quaeso
1100 1103 1198 1142 mihi
1244 1117 1330 1143 esse
1375 1111 1531 1154 oportet

1318 1168 1499 1208 uidulum
1515 1171 1531 1207 ?

190 1234 230 1274 in
270 1235 365 1274 mari
404 1235 608 1274 inuentust
646 1235 861 1274 communi.
941 1237 1019 1274 GR.
1065 1249 1159 1274 esne
1198 1235 1438 1286 inpudenter
1476 1235 1530 1273 in-
1549 1246 1591 1278 45

682 1344 685 1350 ¹
1345 1301 1500 1351 pudens
1514 1302 1530 1339 ?

191 1381 282 1405 nam
304 1367 335 1406 si
357 1367 455 1406 istuc
476 1367 536 1406 ius
557 1368 606 1406 sit
626 1369 735 1418 quod
757 1381 963 1415 memoras,
988 1367 1202 1418 piscatores
1223 1367 1419 1418 perierint.

190 1432 338 1483 quippe
359 1447 481 1483 quom
502 1435 702 1483 extemplo
724 1433 763 1470 in
785 1434 996 1471 macellum
1018 1433 1146 1483 pisces
1167 1433 1308 1483 prolati
1329 1432 1442 1479 sient,

102 1503 172 1546 980
190 1512 309 1536 nemo
330 1507 444 1546 emat,
468 1513 579 1537 suam
601 1500 769 1549 quisque
789 1507 940 1549 partem
963 1499 1131 1550 piscium
1154 1507 1321 1549 poscant
1342 1499 1428 1546 sibi,

189 1563 322 1602 dicant
344 1563 384 1602 in
405 1564 501 1602 mari
522 1564 725 1602 communi
747 1573 895 1615 captos.
956 1566 1034 1603 TR.
1066 1564 1163 1615 quid
1184 1564 1253 1612 ais,
1274 1564 1503 1615 inpudens?

187 1631 317 1667 ausu's
337 1628 456 1668 etiarn
477 1643 706 1680 comparare
727 1630 908 1668 uidulum
931 1644 1023 1668 cum
1044 1630 1250 1680 piscibus?
1550 1643 1593 1674 50

189 1695 329 1733 eadem
350 1696 512 1733 tandem
534 1708 593 1733 res
615 1694 801 1733 uidetur?
861 1697 937 1734 GR.
972 1695 1011 1733 in
1034 1709 1154 1733 manu
1176 1709 1256 1734 non
1280 1703 1337 1734 est
1358 1709 1470 1734 mea:

189 1759 257 1797 ubi
278 1759 419 1797 demisi
439 1767 561 1799 retem
583 1768 702 1810 atque
723 1761 897 1807 hamum,
922 1760 1119 1810 quidquid
1140 1760 1266 1799 haesit
1286 1762 1458 1799 extraho.

101 1827 167 1872 985
190 1839 322 1864 meum
362 1827 472 1876 quod
515 1834 595 1864 rete
633 1834 753 1876 atque
792 1826 900 1864 hami
939 1826 1073 1865 nancti
1109 1835 1200 1865 sunt
1239 1840 1373 1865 meum
1412 1825 1530 1877 potis-

1320 1900 1527 1931 sumumst.

188 1959 222 1995 T
228 1970 264 1995 R.
298 1957 421 1995 immo
451 1958 581 1996 hercle
611 1959 719 1997 haud
749 1966 817 2005 est,
851 1957 1047 2009 siquidem
1085 1960 1194 2009 quod
1227 1972 1296 1997 uas
1328 1957 1526 2008 excepisti.

1158 2025 1234 2062 GR.
1267 2022 1528 2073 philosophe!

186 2090 262 2126 ΤΗ.
295 2089 365 2126 sed
387 2096 427 2126 tu
449 2102 693 2138 enumquam
714 2088 950 2139 piscatorem
973 2088 1118 2135 uidisti,
1143 2089 1332 2135 uenefice,
1547 2101 1589 2133 55

186 2153 366 2192 uidulum
388 2153 537 2202 piscem
559 2153 710 2203 cepisse
729 2162 796 2192 aut
818 2153 1026 2204 protulisse
1048 2155 1171 2191 ullum
1194 2153 1233 2191 in
1255 2154 1416 2191 forum?

229 2258 293 2296 968
318 2257 406 2297 potis
423 2257 578 2288 Renoist:
601 2258 713 2297 potius
730 2257 796 2290 cod.
946 2260 1012 2297 969
1037 2268 1078 2288 ne
1102 2257 1204 2288 Reiz:
1233 2258 1367 2299 [nemff
1392 2268 1434 2287 nc
1456 2257 1520 2289 cod.

188 2300 246 2339 (iv.
261 2301 295 2339 3)
352 2301 474 2331 frustra
486 2301 533 2332 sis
547 2301 642 2332 (siesl
659 2301 872 2333 Caum-arms
887 2314 893 2332 ε
915 2302 1095 2332 frustrases
1105 2302 1170 2333 cod.
1263 2313 1326 2341 977
1346 2312 1523 2332 commune

187 2350 238 2375 est
257 2344 323 2376 GR.
342 2355 384 2375 ne
404 2345 469 2375 cod.
487 2356 494 2374 ε
528 2356 604 2375 corr.
626 2345 692 2375 Leo
822 2347 888 2385 980
913 2351 1054 2385 poscant
1072 2345 1160 2377 codd.
1189 2345 1354 2376 Pm'sa'am‘
1382 2356 1407 2378 Ι.
1435 2355 1498 2385 332
1515 2357 1521 2375 :

188 2394 304 2427 poscat
322 2388 385 2420 cod.
523 2389 583 2428 981
612 2400 705 2420 mare
722 2393 857 2420 testatur
873 2389 1065 2421 Priscianus
1241 2390 1303 2429 984
1331 2395 1436 2421 retem
1454 2389 1520 2421 cod.

189 2433 277 2467 (refe
293 2432 325 2462 Β
326 2443 338 2473 )
354 2443 361 2466 ς
386 2432 472 2463 idem
490 2432 829 2464 testatm·Pm'sc1·anus
850 2445 875 2468 1,
889 2444 953 2473 332
1243 2459 1246 2463 .
