1747 2740
160 140 229 178 IV.
252 139 283 176 ii
673 137 719 175 T.
752 135 935 175 MACCI
967 135 1173 174 PLAVTI

256 251 327 289 ΕΡ.
359 263 477 301 posse
499 250 642 301 edepol
663 248 733 288 tibi
755 249 898 299 opinor
918 248 1037 287 etiam
1059 247 1128 287 uni
1148 248 1281 287 locum
1298 247 1418 288 condi
1439 261 1465 300 p
1487 262 1506 284 *
1523 262 1592 288 um

194 333 236 366 40
255 316 324 356 ubi
357 317 538 355 accubes.
611 317 716 353 PAM.
748 327 843 353 sane
877 313 1109 353 faciundum
1139 326 1294 353 censeo.
1367 315 1441 353 GE.
1474 328 1499 353 o
1528 316 1593 353 lux

1430 379 1566 429 oppidi
1585 382 1592 417 ἶ

256 449 326 486 ΕΡ.
360 447 391 486 si
412 455 493 486 arte
514 446 660 498 poteris
681 446 886 485 accubare.
947 448 1022 484 (¹115.
1045 447 1109 484 uel
1131 445 1232 483 inter
1252 459 1402 484 cuneos
1423 446 1567 484 ferreos
1583 459 1593 493 3

253 513 450 552 tantillum
471 512 590 551 loculi
611 511 679 551 ubi
700 513 863 550 catellus
884 511 1014 559 cubet,
1038 510 1077 549 id
1100 510 1153 548 mi
1175 518 1232 548 sat
1254 524 1275 549 e
1296 510 1373 549 re'st
1394 510 1480 550 loci.
1611 517 1681 550 620

256 582 327 619 ΕΡ.
350 580 521 619 exorabo
541 579 675 630 aliquo
696 579 830 618 modo.
881 577 987 617 ueni.
1036 579 1110 615 GE.
1135 577 1313 616 hucine?
1370 578 1440 615 ΕΡ.
1468 576 1592 615 immo

1309 642 1349 680 in
1371 655 1566 681 carcerem
1584 657 1594 689 ;

255 723 347 749 nam
361 710 425 749 hic
439 710 601 760 quidem
615 709 774 760 genium
790 708 993 748 meliorem
1007 716 1118 747 tuom
1132 720 1213 746 non
1230 706 1360 746 facies.
1383 709 1522 755 eamu',
1538 715 1590 746 tu.

191 791 234 825 45
257 779 362 814 ΡΑΜ.
394 777 491 815 deos
514 776 694 814 salutabo
716 776 849 822 modo,
872 782 985 826 poste
1005 776 1057 813 ad
1078 782 1116 813 te
1137 774 1329 812 continuo
1350 780 1575 813 transeo.—

257 843 331 881 GE.
364 841 462 893 quid
482 841 625 892 igitur?
683 843 752 880 Ep,
786 840 865 880 dixi
887 840 1074 891 equidem
1096 839 1136 878 in
1157 852 1353 878 carcerem
1375 839 1460 878 ires.
1515 840 1590 878 GE.

1253 904 1350 956 quin
1371 904 1402 943 si
1423 904 1591 952 iusseris,

255 987 304 1014 eo
319 987 481 1025 quoque
493 973 571 1013 ibo.
633 975 705 1013 ΕΡ.
727 973 767 1013 di
783 972 1011 1012 inmortales
1028 975 1035 1012 l
1065 970 1297 1022 hicquidem
1314 972 1380 1021 pol
1395 983 1592 1009 summam
1611 975 1655 1010 62
1663 984 1678 1020 5

1373 1035 1414 1074 in
1434 1049 1593 1074 crucem

255 1118 354 1145 cena
374 1112 441 1144 aut
461 1105 629 1156 prandio
645 1104 808 1156 perduci
823 1111 965 1155 potest.
1007 1104 1081 1142 GE.
1104 1102 1158 1141 ita
1178 1101 1382 1153 ingenium
1398 1110 1568 1140 meumst
1585 1116 1593 1140 :

255 1171 480 1222 quicumuis
502 1173 689 1222 depugno
710 1172 836 1209 multo
856 1169 1007 1209 facilius
1029 1182 1149 1219 quam
1170 1181 1262 1207 curn
1283 1169 1400 1207 farne.

197 1254 237 1287 50
258 1239 327 1275 EP.
360 1237 457 1275 dum
478 1236 670 1286 parasitus
692 1235 787 1274 mihi
808 1243 928 1286 atque
949 1234 1054 1273 fratri
1076 1233 1193 1281 fuisti,
1212 1247 1295 1272 rem
1316 1232 1590 1284 confregimus.

257 1304 332 1342 GE.
364 1316 446 1341 non
467 1315 540 1353 ego
561 1301 624 1340 isti
646 1302 754 1353 :ipud
775 1303 897 1340 te——?
965 1302 1035 1339 ΕΡ.
1059 1299 1143 1338 sati'
1164 1306 1376 1350 spectatast
1398 1299 1494 1337 mihi
1516 1299 1592 1338 iarn

1314 1372 1381 1403 tua
1401 1364 1565 1403 felicitas
1583 1379 1594 1412 ‚·

254 1447 362 1473 nunc
382 1447 456 1484 ego
476 1435 570 1472 nolo
591 1447 638 1472 ex
660 1432 862 1471 Gelasimo
883 1431 935 1470 mi
958 1430 1038 1469 fieri
1059 1438 1098 1469 te
1119 1429 1520 1480 Catagelasimum.——
1610 1434 1724 1478 630-1

256 1501 330 1540 GE.
355 1499 487 1538 iamne
514 1498 728 1538 abierunt?
777 1496 989 1544 Gelasime,
1012 1495 1116 1544 uide,
1151 1508 1258 1534 nunc
1279 1494 1446 1534 consilio
1475 1502 1592 1544 capto

1461 1567 1588 1611 opust.

257 1632 415 1682 egone?
444 1637 550 1669 tune.
611 1629 791 1668 mihine?
821 1628 956 1667 tibine.
1018 1626 1130 1665 uides
1152 1633 1194 1665 ut
1215 1632 1411 1665 annonast
1431 1625 1570 1676 grauis.
1611 1631 1725 1675 6335

196 1710 237 1744 55
256 1696 408 1735 uiden?
442 1694 706 1745 benignitates
727 1693 937 1732 hominum
959 1691 1106 1743 periere
1127 1698 1165 1730 et
1186 1690 1443 1741 prothymiae.

256 1761 377 1800 uiden
399 1759 586 1799 ridiculos
607 1758 718 1797 nihili
740 1757 821 1796 fieri
843 1765 962 1807 atque
983 1756 1089 1807 ipsos
1110 1755 1387 1807 parasitarier?

299 1866 362 1905 617
380 1864 430 1896 vel
440 1864 542 1904 opino
589 1863 688 1894 condi
701 1873 721 1902 p
727 1886 842 1894 ......
858 1872 911 1892 um
926 1861 975 1893 A:
993 1861 1170 1901 conspicor
1183 1860 1227 1891 P:
1246 1871 1274 1892 c.
1288 1861 1534 1900 propemodum
1549 1860 1592 1901 (?)

257 1908 383 1940 Sclmell
513 1909 578 1938 618
603 1908 657 1938 ubi
683 1907 785 1937 cubes
803 1905 938 1943 Ritsclzl,
960 1916 1042 1936 nam
1069 1905 1125 1935 tibi
1150 1904 1295 1935 {recubes
1319 1904 1481 1945 ‹hsplicetz
1507 1905 1590 1944 jort.

256 1953 311 1983 ubi
329 1953 362 1983 in
372 1953 443 1992 fine
459 1963 489 1983 v.
506 1952 624 1991 pm'ort's
640 1949 814 1982 collocand.
919 1950 985 1980 620
1003 1949 1118 1989 loculi]
1135 1948 1198 1979 loci
1210 1948 1243 1978 Ρ
1328 1949 1453 1988 saeeris
1467 1947 1564 1978 estA
1582 1959 1590 1978 ε

256 2002 308 2028 sat
326 1997 387 2028 erit
405 1996 508 2027 Bothe
610 1995 675 2024 622
700 1993 873 2025 meliorem
891 1994 1028 2032 genium
1046 1992 1078 2023 Ρ
1183 1993 1247 2031 623
1271 1992 1371 2023 domo
1386 1992 1419 2022 A
1525 1992 1590 2030 624

257 2041 349 2071 dixis
374 2050 452 2070 corr.
482 2039 566 2070 dixti
594 2038 679 2078 (sine
703 2042 780 2069 nota
807 2038 978 2078 personae)
1008 2037 1040 2066 A
1131 2035 1159 2066 si
1188 2047 1254 2067 om.
1283 2036 1316 2067 Ρ
1444 2036 1510 2074 625
1534 2035 1591 2075 pol

257 2082 436 2123 summam]
463 2084 494 2113 iu
522 2083 569 2117 (ui
591 2081 679 2122 PCD)
698 2092 827 2113 summa
848 2081 882 2112 Ρ
1033 2081 1098 2111 626
1121 2080 1194 2120 aut]
1213 2086 1248 2111 ut
1265 2079 1298 2109 A
1431 2079 1506 2117 628,
1525 2080 1592 2118 629

257 2129 385 2158 inverso
402 2126 513 2157 ordine
526 2126 559 2157 Ρ
688 2128 754 2166 629
777 2136 840 2164 ego
857 2124 962 2156 istaA
979 2135 985 2154 :
1012 2134 1100 2163 nego
1120 2125 1184 2154 ista
1201 2122 1268 2154 Leo
1287 2124 1358 2154 ‘vix
1374 2122 1591 2162 Plautinum)

258 2172 311 2211 (cs.
332 2172 351 2207 i,
371 2181 401 2210 p.
421 2171 481 2210 28)
600 2171 675 2208 630,
694 2171 755 2209 631
783 2169 855 2199 fieri
873 2179 937 2200 om.
955 2168 988 2199 Ρ
1103 2169 1167 2207 632
1192 2167 1289 2197 abisti
1308 2167 1342 2197 Ρ
1405 2177 1493 2197 nunc
1514 2176 1592 2197 con-

257 2215 366 2255 sil(io)
398 2224 474 2254 caro
504 2214 569 2253 (vel
597 2214 712 2254 capto)
745 2217 846 2253 opust
877 2211 937 2242 A:
977 2212 1057 2250 quid
1085 2222 1122 2242 es
1154 2216 1315 2251 capturus
1344 2210 1475 2242 consilii
1511 2210 1589 2248 (ule.

259 2259 310 2299 -li)
328 2258 366 2289 Ρ.
428 2258 485 2289 vix
506 2259 550 2288 sic
575 2256 759 2296 reficiendus
785 2257 873 2286 Iocus
892 2255 943 2295 (ff.
965 2255 1012 2285 ατί
1026 2254 1122 2285 Merc.
1140 2256 1240 2294 3195:
1280 2254 1395 2285 Iamne
1412 2253 1591 2285 abierunt?

259 2301 443 2341 Gelasime‚
469 2302 560 2341 uide,
586 2311 675 2332 nunc
699 2299 843 2331 consilio
866 2305 964 2339 capto
989 2298 1054 2335 (vel
1076 2300 1169 2331 caro)
1193 2304 1302 2338 opust.
1329 2298 1398 2329 Iam
1421 2297 1592 2328 abierunt.

258 2345 439 2384 Gelasime.
461 2345 538 2376 uide
559 2345 639 2384 quid
664 2354 701 2375 es
725 2349 885 2384 capturus
905 2342 1025 2374 consili
1159 2343 1267 2381 633-5
1292 2342 1394 2372 uiden
1420 2340 1591 2371 Fleckeisen

256 2391 321 2428 636
345 2390 441 2420 uides
466 2389 498 2419 Ρ
628 2393 662 2419 ut
680 2388 841 2428 perierint
864 2385 914 2416 A¹
939 2388 989 2426 (ut
1014 2384 1072 2418 del.
1091 2384 1171 2426 24²),
1193 2385 1278 2416 unde
1300 2391 1335 2416 ut
1359 2385 1493 2426 periere
1518 2383 1587 2416 edd.

257 2435 320 2473 637
346 2433 441 2464 uides
461 2432 495 2463 Ρ
