1747 2740
85 454 147 493 Ι55

81 771 147 806 160

76 1100 139 1146 165

72 1502 138 1538 170

70 1832 131 1869 Ι75

67 2151 133 2186 180

675 134 1025 174 TRINVMMVS
1479 136 1507 172 I.
1531 135 1559 171 ii

226 248 310 285 ΜΕ.
343 254 509 287 nemost.
571 248 643 287 CA.
676 261 931 287 nummorum
949 247 1202 298 Philippeum
1224 248 1275 286 ad
1296 247 1368 286 tria
1388 247 1504 286 milia.
1533 259 1590 291 115

224 311 265 350 id
285 314 392 351 solus
413 314 541 351 solum
563 326 632 364 per
651 313 865 352 amicitiam
886 326 924 352 et
945 327 1014 364 per
1035 315 1155 352 fidem

223 378 321 416 flens
344 391 406 416 me
427 378 649 428 opsecrauit
671 393 742 417 suo
764 393 813 418 ne
833 387 953 430 gnato
974 380 1176 418 crederem

222 455 301 480 neu
321 442 538 493 quoiquam
560 444 667 482 unde
686 445 737 483 ad
759 458 849 482 eurn
871 443 911 482 id
933 451 1065 493 posset
1086 457 1395 494 permanascere.

221 520 328 546 nunc
349 507 381 546 si
402 507 466 547 ille
487 509 565 547 huc
586 510 717 547 saluos
739 509 901 556 reuenit,
925 510 1089 547 reddam
1111 522 1225 547 suom
1247 509 1320 547 sibi
1337 524 1348 556 3

220 571 252 610 si
273 572 370 623 quid
391 587 440 613 eo
460 573 585 620 fuerit,
609 582 714 613 certe
735 574 837 613 illius
858 574 974 622 filiae,
1529 592 1591 615 120

220 650 323 688 quae
344 638 440 677 mihi
461 641 696 686 mandatast,
719 640 849 678 habeo
870 640 1006 678 dotem
1034 638 1037 691 Ι
1065 640 1172 677 unde
1193 640 1298 686 dem,

219 710 262 741 ut
283 716 370 741 earn
392 703 431 741 in
453 717 494 742 se
514 704 674 754 dignam
696 704 977 743 condicionem
999 706 1218 742 conlocem.

221 769 305 807 ME.
338 781 409 819 pro
429 769 469 807 di
490 768 729 817 inmortales,
752 770 882 809 uerbis
904 769 1040 820 paucis
1060 783 1180 820 quam
1202 769 1281 807 cito

217 833 339 872 alium
359 834 485 872 fecisti
507 848 580 882 me,
604 835 703 874 alius
723 836 775 874 ad
797 843 835 874 te
855 849 1042 874 ueneram
1060 838 1067 873 1

217 900 289 938 sed
309 906 352 937 ut
372 899 571 950 occepisti,
596 914 713 951 perge
733 914 850 950 porro
870 899 1064 951 proloqui.
1525 916 1584 949 1²5

218 964 291 1004 CA.
323 963 420 1014 quid
441 964 513 1003 tibi
534 978 608 1015 ego
629 965 759 1004 dicam
781 965 849 1016 qui
870 965 973 1003 illius
995 965 1228 1015 sapientiam

216 1037 255 1069 et
276 1044 406 1069 meam
428 1031 658 1070 fidelitatem
681 1039 719 1070 et
739 1033 866 1070 celata
887 1031 1022 1070 omnia

215 1109 344 1147 paene
364 1096 428 1135 ille
449 1096 614 1147 ignauos
635 1097 813 1136 funditus
834 1110 995 1148 pessum
1017 1097 1158 1137 dedit?

217 1163 300 1201 ΜΕ.
333 1162 531 1213 quidum?
593 1163 665 1202 CA.
698 1162 802 1214 quia,
835 1162 912 1201 ruri
943 1163 1040 1202 dum
1074 1177 1161 1202 sum
1194 1177 1267 1214 ego
1301 1178 1403 1203 unos
1433 1179 1500 1203 sex

1401 1231 1497 1279 dies,

214 1307 277 1332 me
298 1301 462 1345 apsente
482 1301 602 1345 atque
622 1294 826 1355 insciente,
850 1294 1078 1334 inconsultu
1099 1309 1204 1343 meo,
1522 1312 1583 1343 130

211 1360 321 1399 aedis
342 1360 493 1399 uenalis
515 1361 634 1399 hasce
654 1360 832 1399 inscribit
853 1361 1002 1399 litteris.

213 1428 297 1465 ME.
330 1426 565 1466 adessuriuit
586 1427 721 1478 magis,
747 1425 819 1480 [et]
842 1426 1008 1465 inbiauit
1028 1426 1156 1466 acrius

210 1494 337 1544 lupus,
361 1492 588 1543 opseruauit
609 1493 706 1531 dum
727 1492 985 1531 dormitarent
1005 1505 1147 1531 canes:

209 1572 365 1609 gregem
387 1558 621 1597 uniuorsum
643 1558 769 1596 uoluit
790 1565 918 1596 totum
939 1565 1129 1597 auortere.

210 1625 282 1664 CA.
315 1623 471 1663 fecisset
492 1625 650 1674 edepol,
670 1623 711 1661 ni
731 1625 830 1662 haec
851 1623 1131 1674 praesensisset
1152 1637 1281 1663 canes.
1517 1641 1577 1674 135

208 1691 278 1729 sed
300 1703 405 1728 nunc
426 1702 561 1740 rogare
582 1702 655 1739 ego
675 1688 849 1727 uicissim
872 1696 909 1727 te
930 1690 1023 1727 uolo
1042 1705 1049 1728 z

208 1755 305 1806 quid
325 1755 398 1793 fuit
418 1755 592 1801 officium
614 1767 748 1793 meum
770 1768 834 1793 me
854 1755 1011 1793 facere?
1041 1756 1126 1794 face
1147 1755 1267 1794 sciam
1284 1771 1294 1804 3

207 1829 338 1860 utrum
360 1820 533 1860 indicare
555 1833 618 1859 me
638 1820 674 1859 ei
695 1821 951 1859 thensaurum
972 1834 1143 1872 aequom
1164 1821 1248 1870 fuit,

205 1888 420 1926 aduorsum
441 1900 561 1937 quam
582 1886 666 1925 eius
687 1900 751 1926 me
771 1887 1057 1937 opsecrauisset
1078 1895 1198 1938 pater,

205 1966 256 1991 an
277 1966 350 2004 ego
369 1952 490 1991 alium
512 1952 720 1991 dominum
741 1960 894 2003 paterer
914 1952 995 1991 fieri
1018 1952 1125 1992 hisce
1145 1953 1341 1993 aedibus?
1511 1971 1575 2004 140

205 2018 273 2069 qui
294 2018 464 2065 emisset,
488 2017 586 2056 eiius
606 2025 761 2057 essetne
782 2032 828 2057 ea
847 2018 1046 2069 pecunia?

204 2083 283 2123 emi
304 2091 460 2134 egomet
481 2083 612 2134 potius
631 2084 752 2131 aedis,
774 2091 981 2134 argentum
1002 2084 1096 2123 dedi

204 2148 406 2189 thensauri
427 2161 576 2195 caussa,
600 2156 642 2187 ut
663 2150 815 2187 saluom
837 2148 967 2187 amico
989 2150 1197 2188 traderem.

196 2264 255 2294 157
283 2259 376 2286 certe
386 2253 490 2284 Bothe
507 2264 513 2284 :
538 2258 631 2284 certo
645 2253 725 2294 cod„
739 2256 848 2285 contra
864 2264 989 2284 morem
1002 2253 1200 2285 Plautinum
1250 2257 1310 2295 158
1335 2257 1484 2289 habuero

149 2297 289 2329 Mueller
307 2297 443 2339 (Rhein.
469 2296 559 2328 Mus.
587 2307 640 2337 54,
667 2299 746 2337 539)
837 2298 878 2328 ab
900 2308 953 2331 eo,
978 2298 1091 2328 dotem
1112 2297 1266 2340 (habco)
1288 2299 1337 2331 vel
1359 2301 1483 2339 habeo,

147 2342 237 2373 dotis
250 2341 377 2373 Sclzoell
467 2342 528 2372 168
545 2341 716 2380 inscripsit
728 2340 816 2373 codd.
830 2342 934 2372 Nom'z'
942 2350 1006 2380 525
1021 2342 1205 2383 (neglegens
1215 2344 1331 2381 cantio,
1350 2349 1387 2375 ut
1402 2345 1483 2379 vid.)

150 2387 211 2425 169
227 2396 325 2425 mage
336 2384 515 2417 Hermann
531 2396 538 2416 τ
561 2384 619 2416 del.
637 2385 765 2416 Rt'tscltl
837 2390 871 2416 et
888 2385 945 2415 del.
958 2384 1137 2416 Hermann
1213 2387 1393 2419 inebriatiit
1411 2388 1485 2419 pst>

148 2431 225 2470 (pro
242 2430 399 2468 inbiauit;
424 2429 519 2470 bpro
536 2429 566 2467 h,
586 2429 628 2460 vi.
654 2430 686 2469 1)
814 2439 874 2469 170
897 2429 1092 2460 dormitaret
1111 2429 1299 2461 Lambinus
1424 2443 1483 2477 172

146 2473 260 2506 accedit
275 2473 308 2507 A
