1747 2740
178 120 231 158 II.

253 118 282 157 fi
676 118 722 156 T.
757 117 939 156 MACCI
972 117 1178 155 PLAVTI

254 228 494 278 mancupion
518 227 584 278 qui
605 226 788 277 accipias,
810 234 938 277 gestas
960 233 1092 265 tecum
1113 227 1265 265 ahenos
1285 228 1458 265 anulos?

195 310 234 331 20
254 294 395 346 pignus
416 295 467 332 da
488 293 526 331 ni
549 293 701 343 ligneae
730 295 828 331 haec
850 292 927 330 sint
948 305 1046 342 quas
1079 293 1203 330 habes
1224 293 1430 331 Victorias.
1617 303 1681 340 275

189 1158 232 1188 30

192 1685 232 1717 35

255 362 322 398 AS.
356 373 405 397 ne
435 359 574 408 attigas
606 372 682 396 me.
740 359 815 395 TR.
849 371 950 407 egon
982 365 1020 396 te
1049 359 1242 408 tangam?
1273 360 1325 396 ita
1355 373 1418 397 me
1448 358 1596 397 amabit

1388 426 1595 471 sarculum,

253 498 294 530 ut
315 505 389 541 ego
411 504 474 528 ine
495 489 571 527 ruri
592 488 806 539 amplexari
828 488 1015 527 mauelim
1035 490 1211 539 patulam
1234 489 1380 527 bouem

252 570 425 606 cumque
447 569 492 594 ea
513 562 674 593 noctem
696 555 736 592 in
757 555 981 593 stramentis
1001 563 1234 606 pernoctare
1255 555 1449 605 perpetim

252 635 372 672 quam
394 629 480 659 tuas
502 628 663 659 centurn
685 628 844 658 cenatas
865 627 1004 658 noctes
1026 619 1123 657 mihi
1144 621 1254 658 dono
1274 620 1370 659 dari.

253 700 316 726 rus
338 695 380 726 tu
402 686 456 724 mi
477 686 725 736 opprobras?
754 693 796 724 ut
821 693 966 724 nancta
992 699 1033 724 es
1063 685 1269 725 hominem
1299 699 1420 737 quem
1450 688 1597 737 pudeat
1616 690 1686 724 280
1743 678 1747 686 '

1438 753 1570 803 probri
1589 757 1596 792 1

254 820 324 858 sed
345 819 441 869 quid
463 820 570 869 apud
592 826 745 856 nostras
767 818 914 869 negoti,
935 817 1084 865 mulier,
1108 825 1167 857 est
1187 817 1296 857 aedis
1317 817 1422 857 tibi?

253 885 350 936 quid
394 893 435 924 tu
482 886 559 923 hoc
605 897 800 931 occursas‚
841 883 881 922 in
927 884 1065 922 urbem
1105 883 1496 935 quotiensquomque
1534 885 1600 923 ad-

1385 950 1567 988 uenimus
1583 952 1600 989 ?

254 1019 324 1056 As.
356 1016 539 1055 mulieres
562 1017 656 1055 uolo
677 1015 893 1054 conuenire
914 1023 1077 1054 nostras.
1137 1017 1214 1054 TR.
1238 1029 1336 1066 quas
1357 1022 1399 1054 tu
1415 1015 1598 1055 mulieres

253 1082 349 1121 mihi
371 1095 513 1129 narras,
538 1081 606 1120 ubi
628 1094 766 1119 musca
786 1082 893 1119 nulla
913 1081 1097 1120 feminast
1117 1080 1156 1120 in
1183 1081 1382 1120 aedibus?

254 1150 322 1187 As.
356 1149 491 1186 nullan
527 1146 614 1185 istic
646 1146 786 1185 mulier
817 1146 1000 1185 habitat?
1071 1148 1146 1184 TR.
1180 1161 1254 1194 rus,
1287 1146 1461 1197 inquam,
1493 1145 1680 1198 ahie-285
1742 1163 1745 1170 ¹

1359 1220 1459 1251 runt.
1519 1212 1595 1251 abi.

254 1281 323 1318 As.
356 1279 453 1330 quid
492 1280 649 1325 clamas,
689 1278 860 1317 insane?
935 1278 1012 1316 TR.
1049 1277 1157 1316 abire
1202 1277 1295 1316 hinc
1334 1277 1375 1316 ni
1412 1290 1599 1329 properas

1302 1343 1441 1394 grandi
1461 1345 1596 1394 gradu,

253 1411 330 1449 iarn
348 1412 479 1449 hercle
495 1423 568 1460 ego
585 1409 680 1448 istos
699 1410 822 1457 fictos,
839 1408 1095 1459 compositos,
1111 1409 1261 1458 crispos
1275 1408 1481 1448 cincinnos
1494 1417 1595 1457 tuos,

254 1484 518 1527 unguentatos
559 1489 685 1526 usque
732 1488 778 1513 ex
822 1474 984 1513 cerebro
1028 1476 1234 1514 exuellam.
1310 1477 1378 1514 As.
1425 1489 1598 1526 quanam

1446 1542 1569 1592 gratia
1583 1543 1601 1581 ?

253 1611 330 1647 ΤΕ.
363 1608 455 1659 quia
475 1609 525 1646 ad
548 1609 650 1646 fores
672 1614 825 1645 nostras
847 1606 1058 1656 unguentis
1079 1614 1198 1645 uncta
1219 1620 1260 1645 es
1280 1620 1375 1646 ausa
1395 1609 1585 1648 accedere

253 1675 425 1725 quiaque
447 1675 635 1712 bucculas
656 1681 737 1711 tam
760 1673 863 1711 belle
883 1671 1169 1723 purpurissatas
1189 1673 1323 1711 habes.
1616 1685 1687 1720 290

299 1790 361 1819 274
387 1781 600 1820 mancupium
619 1779 652 1809 P
742 1784 837 1818 gesta
856 1779 889 1809 P
975 1780 1085 1810 henos
1102 1789 1208 1810 anuos
1225 1779 1257 1810 P
1388 1789 1451 1820 275
1476 1779 1599 1820 dignus

255 1825 336 1855 dant
354 1824 479 1854 lauinie
499 1824 597 1861 miae)
612 1823 645 1853 P
723 1823 788 1854 hae
815 1824 883 1854 sint
900 1823 932 1853 A
952 1835 959 1854 :
985 1824 1039 1854 hic
1057 1829 1137 1854 sunt
1153 1822 1187 1853 P
1259 1825 1322 1863 276
1339 1824 1520 1867 attingasp)
1539 1825 1571 1854 A
1593 1837 1600 1856 :

255 1868 373 1899 atticas
391 1867 423 1897 Ρ
510 1869 702 1908 (eg‘iofintsse
722 1868 754 1897 A
772 1879 778 1898 t
806 1878 872 1899 om.
893 1867 925 1898 P
1034 1878 1097 1908 277
1123 1877 1177 1898 me
1195 1868 1318 1898 ruriam
1341 1877 1480 1898 exat-ma
1498 1878 1597 1900 ueum

256 1912 405 1951 patulum
423 1912 540 1942 uoueri
560 1911 592 1942 P
697 1913 760 1951 278
785 1912 841 1953 ea]
863 1912 907 1942 ita
925 1911 958 1942 Ρ
974 1911 1050 1952 (pro
1067 1911 1121 1942 illa
1133 1913 1158 1950 2)
1258 1912 1428 1951 perpetim
1446 1917 1548 1943 totam
1561 1913 1595 1943 A

257 1956 313 1993 (iv.
334 1956 369 1995 2)
461 1966 526 1995 279
550 1956 638 1997 dari]
658 1956 744 1996 patri
770 1956 803 1986 Ρ
818 1955 861 1994 (Ρ
880 1960 942 1995 pro
969 1955 1011 1991 D)
1104 1955 1169 1986 280
1193 1961 1322 1986 rustum
1341 1956 1483 1990 xiodbras
1498 1955 1532 1986 P
1548 1957 1595 1995 (D

252 2005 313 2039 pro
330 2010 390 2039 pro
406 2005 465 2040 per
481 2000 646 2040 compt'nd.
674 2000 806 2040 scm'pto)
922 2009 959 2030 es
982 1999 1056 2031 Ital.
1073 2011 1080 2030 t
1105 1999 1201 2030 estA
1218 2011 1225 2030 :
1250 2009 1328 2030 esse
1345 1999 1378 2030 P
1529 2001 1592 2031 281

254 2043 360 2084 apud]
379 2045 419 2074 ad
434 2044 467 2073 A
604 2045 667 2074 282
692 2053 852 2074 occurras
870 2043 901 2073 P
1011 2045 1075 2083 283
1100 2044 1286 2075 conuenire
1302 2044 1381 2075 uolo
1397 2045 1431 2076 P
1529 2046 1594 2084 285

255 2087 378 2117 nullam
400 2088 473 2125 (-an
486 2090 512 2120 ἣ
539 2088 638 2119 istinc
656 2098 699 2119 m.
717 2087 768 2118 P:
798 2087 911 2118 nullan
931 2098 973 2119 m.
993 2088 1067 2119 istic
1085 2087 1118 2117 A
1236 2088 1393 2120 abierunt
1410 2090 1545 2130 inquam
1559 2089 1592 2119 A

256 2131 333 2171 pabi
352 2131 385 2160 P
486 2133 550 2163 286
578 2142 722 2172 propera
743 2131 776 2162 Ρ
862 2142 942 2170 gras
959 2132 990 2162 P
1007 2136 1080 2171 (pro
1097 2137 1164 2172 gra-1,
1185 2133 1204 2164 i.
1224 2144 1247 2164 e.
1268 2133 1373 2173 gradu
1390 2145 1398 2173 ;
1422 2134 1459 2174 cs.
1479 2134 1595 2165 Amer.

251 2174 376 2213 Journ.
405 2176 491 2207 Phil.
524 2186 573 2215 17,
601 2176 681 2215 443)
833 2176 895 2214 287
922 2176 1035 2207 hercle
1062 2187 1129 2208 om.
1158 2175 1191 2206 P
1291 2177 1375 2208 istoc
1399 2177 1517 2212 P(v¹'x
1536 2183 1596 2218 pro

257 2219 374 2254 istosc)
474 2220 537 2250 288
562 2221 781 2250 uniuentatos
800 2218 834 2249 P
944 2219 1112 2259 expellam
1133 2219 1166 2250 P
1259 2221 1385 2261 gratias
1402 2220 1475 2251 PCD
1491 2233 1497 2252 ε
1520 2227 1594 2260 grat

257 2262 289 2292 B
308 2264 380 2303 (pro
404 2264 513 2302 gratia
533 2269 593 2304 per
616 2263 780 2304 compmd.
805 2264 936 2303 scm'ptoi
1074 2264 1137 2303 289
1161 2263 1282 2305 ad[eo]
1302 2265 1393 2295 foras
1418 2265 1450 2295 P
1472 2266 1530 2305 (iv.
1556 2266 1590 2304 35

256 2312 406 2346 unguant
434 2308 544 2338 iuncta
569 2317 645 2338 esse
670 2307 777 2338 audes
795 2306 935 2346 (conflat.
963 2318 1002 2337 ex
1026 2317 1064 2338 es
1086 2317 1169 2338 ausa
1185 2311 1213 2337 et
1227 2309 1332 2339 audes
1345 2310 1369 2349 ἓ)
1387 2307 1422 2339 P
1529 2320 1593 2348 290

256 2349 430 2393 bucculas]
452 2352 532 2383 istas
550 2351 673 2384 buccas
698 2351 730 2383 Ρ
817 2351 972 2393 purporis
990 2352 1073 2382 satis
1090 2351 1233 2384 habeost
1250 2351 1283 2384 P
