1747 2740
635 143 985 181 TRINVMMVS
1402 144 1479 182 III.
1500 143 1531 180 ii

58 263 127 307 630
148 259 218 296 LE.
250 258 359 307 quod
394 263 453 295 est
484 255 741 302 facillumum,
778 254 884 293 facis.
961 255 1029 292 ΙΝ.
1063 254 1159 304 quid
1192 254 1231 293 id
1265 257 1355 293 est?
1413 256 1484 292 LE.

1140 319 1270 357 amico
1292 320 1485 358 iniuriam.

148 389 216 426 ΙΝ.
260 401 390 438 neque
431 393 601 426 meumst
640 399 770 436 neque
812 386 939 424 facere
985 384 1119 423 didici.
1198 387 1268 423 LE.
1302 385 1486 424 indoctus
1507 400 1525 432 5

1086 463 1206 499 quam
1228 451 1346 488 docte
1368 450 1485 489 sacis!

143 517 240 568 quid
262 519 419 564 faceres,
444 517 475 555 si
496 517 583 567 quis
605 515 806 554 docuisset
827 523 878 563 te,
899 522 941 553 ut
963 514 1017 553 sic
1039 515 1134 553 odio
1155 529 1260 554 esses
1283 515 1409 554 mihi?

147 580 251 636 [qui]
275 584 377 621 bene
410 596 534 633 quom
568 581 728 619 simulas
759 583 886 619 faeere
918 579 1013 618 mihi
1040 587 1088 627 te,
1122 582 1224 618 male
1254 580 1360 628 facis,
1384 582 1487 619 male

1300 645 1483 684 consulis.

146 714 215 752 Lv.
244 715 402 763 egone?
460 713 530 750 LE.
560 720 666 750 tune.
729 713 798 750 Lv.
831 710 928 761 quid
958 712 1061 749 male
1083 710 1215 749 facio?
1273 712 1344 749 LE.
1378 712 1487 761 quod

951 790 1024 826 ego
1046 778 1150 824 nolo,
1174 776 1215 815 id
1236 789 1359 826 quom
1380 776 1486 815 facis.

57 847 123 894 635
146 845 215 882 Lx:
240 851 331 883 tuae
351 843 405 882 rei
427 844 531 882 bene
551 844 757 881 consulere
778 842 906 893 cupio.
968 844 1041 880 LE.
1069 850 1111 880 tu
1134 840 1266 894 [mihi]
1289 856 1329 880 es
1351 842 1489 880 melior

1038 922 1159 958 quam
1181 917 1337 958 egomet
1359 908 1489 947 mihi?

143 984 202 1014 sat
223 975 345 1026 sapio,
368 975 462 1013 satis
484 974 524 1012 in
546 988 629 1013 rem
652 987 754 1024 quae
775 974 852 1012 sint
874 987 1003 1012 meam
1026 987 1100 1023 ego
1121 974 1328 1024 conspicio
1349 974 1456 1012 mihi.
1509 989 1548 1011 10

145 1043 215 1080 Lv.
247 1055 299 1079 an
320 1041 360 1079 id
382 1048 441 1079 est
462 1053 609 1091 sapere,
632 1047 675 1078 ut
696 1039 763 1090 qui
785 1039 1024 1078 beneficium
1045 1052 1068 1077 a
1089 1039 1356 1078 beneuolente
1377 1053 1487 1090 repu-

1373 1105 1457 1144 dies
1471 1107 1487 1144 ?

145 1173 216 1210 LE.
249 1172 402 1210 nullum
424 1170 664 1210 beneficium
687 1169 772 1209 esse
793 1171 898 1209 duco
926 1169 966 1209 id
994 1171 1104 1221 quod
1131 1170 1227 1220 quoi
1257 1170 1375 1209 facias
1405 1185 1487 1210 non

1343 1238 1483 1286 placet.

143 1301 226 1341 scio
246 1316 320 1353 ego
340 1309 379 1341 et
399 1301 528 1341 sentio
548 1301 632 1352 ipse
653 1300 750 1351 quid
771 1314 895 1352 agam,
915 1314 1046 1352 neque
1063 1315 1175 1340 mens
1197 1301 1326 1340 officio
1348 1302 1486 1352 migrat

54 1372 126 1416 640
144 1381 217 1406 nec
238 1367 314 1406 tuis
335 1368 510 1418 depellar
530 1366 646 1405 dietis
666 1365 763 1417 quin
785 1365 932 1405 rumori
954 1366 1134 1405 seruiam.

144 1435 214 1472 Lv.
246 1432 344 1484 quid
378 1432 435 1472 ais
450 1434 468 1471 ?
507 1446 600 1471 narn
632 1431 789 1471 retineri
824 1446 982 1483 nequeo
1017 1432 1114 1483 quin
1147 1433 1277 1472 dicam
1308 1447 1354 1472 ea
1384 1447 1485 1484 quae
1506 1446 1544 1479 15

1257 1513 1459 1550 promeres
1478 1515 1485 1538 :

142 1564 224 1604 itan
244 1567 405 1605 tandem
427 1567 530 1604 hanc
551 1565 732 1604 maiiores
753 1567 899 1605 famam
921 1566 1165 1605 tradiderunt
1186 1566 1257 1605 tibi
1278 1566 1345 1614 tui,

143 1639 187 1670 ut
207 1631 352 1670 uirtute
373 1645 510 1670 eorum
532 1631 735 1681 anteperta
756 1645 825 1682 per
844 1631 1036 1682 flagitium
1063 1633 1246 1682 perderes
1263 1634 1280 1671 ?

142 1705 262 1748 atque
283 1697 424 1736 honori
445 1705 693 1748 posterorum
716 1705 873 1736 tuorum
896 1706 938 1736 ut
961 1698 1108 1737 uindex
1129 1699 1252 1746 fieres,

56 1769 121 1814 645
144 1762 214 1801 tibi
235 1770 423 1813 paterque
443 1776 621 1813 auosque
642 1762 797 1801 facilem
819 1762 912 1801 fecit
932 1770 970 1801 et
992 1765 1150 1814 planam
1172 1763 1277 1802 uiam

142 1828 193 1866 ad
214 1829 492 1878 quaerundum
513 1829 706 1866 honorem
726 1843 733 1866 :
764 1835 805 1866 tu
827 1828 953 1867 fecisti
975 1836 1017 1867 ut
1037 1828 1206 1868 difficilis
1227 1831 1325 1869 foret
1504 1844 1546 1867 20

142 1894 259 1943 culpa
279 1906 462 1931 maxume
483 1900 521 1931 et
541 1892 695 1932 desidia
717 1893 875 1943 tuisque
896 1893 1023 1932 stultis
1045 1894 1234 1933 moribus.

143 1957 424 2008 praeoptauisti
445 1971 621 1997 amorem
644 1966 755 1998 tuom
777 1959 833 1997 uti
855 1959 989 1998 uirtuti
1010 1973 1283 2011 praeponeres.

144 2037 250 2062 nunc
272 2030 309 2061 te
340 2023 416 2061 hoc
445 2024 549 2062 facto
579 2023 706 2063 credis
737 2037 854 2074 posse
883 2032 1069 2075 optegere
1099 2028 1252 2064 errata?
1281 2028 1356 2065 aha
1376 2030 1382 2064 ἕ
1405 2039 1484 2064 non

1368 2092 1457 2131 itast
1477 2108 1484 2131 :

185 2196 249 2234 633
273 2195 329 2234 qui
347 2193 407 2227 del.
427 2195 609 2227 Hermann
742 2198 805 2236 635
831 2197 1103 2238 mihidelssmgk
1235 2200 1298 2237 637
1324 2199 1481 2230 acceditA

142 2239 253 2270 iddest
267 2237 300 2268 A
406 2250 424 2269 a
441 2250 505 2269 om.
526 2240 559 2270 P
697 2242 761 2279 638
786 2241 893 2280 quod]
914 2252 987 2271 curn
1006 2241 1038 2271 A
1187 2244 1253 2281 639
1278 2253 1395 2273 mense
1413 2244 1483 2274 offi-

144 2283 230 2314 cium
243 2282 274 2313 P
358 2284 422 2321 640
439 2283 636 2323 depellorP
721 2287 781 2323 641
809 2286 887 2324 quid
906 2286 954 2316 ais
969 2285 1140 2316 Lesbonico
1153 2285 1211 2316 dat
1227 2286 1259 2316 P
1335 2287 1483 2318 retinere

143 2326 233 2358 codd.
251 2327 356 2357 Nonii
368 2336 431 2367 475
446 2327 559 2366 etsorl.
576 2327 609 2357 A
745 2331 808 2367 642
825 2329 913 2359 hanc
929 2340 995 2360 om.
1013 2329 1047 2359 P
1174 2332 1237 2369 643
1262 2335 1438 2370 anteuerssa
1449 2331 1482 2361 A

144 2372 220 2410 643,
237 2372 299 2409 644
323 2371 497 2410 perderes,
519 2395 525 2401 .
545 2395 551 2402 .
569 2395 577 2403 .
606 2371 728 2404 fieres?
752 2373 927 2413 distinguit
941 2373 1095 2414 Hopkt'ns
1111 2373 1231 2413 (Closs.
1254 2373 1331 2405 Rev.
1351 2385 1383 2413 9,
1403 2384 1478 2413 307·

144 2416 205 2452 644
230 2414 279 2444 vel
300 2414 393 2454 atqui
526 2415 589 2454 645
613 2421 711 2454 pater
728 2416 810 2456 (om.
835 2419 916 2457 que)
935 2417 967 2446 A
989 2418 1022 2457 (i.
1036 2428 1058 2449 e.
1080 2418 1214 2457 pater&
1349 2418 1425 2448 facit
1453 2418 1486 2449 P

145 2459 209 2497 648
233 2459 494 2499 praeoptasuisti
511 2459 544 2488 A
560 2459 782 2500 (inchoaverat
798 2462 1025 2502 praeoptasti)
1160 2463 1225 2500 649
1250 2467 1350 2505 pacto
1366 2462 1399 2496 P
