1747 2740
150 137 205 175 II.
226 137 272 174 iii
632 137 678 174 T.
713 136 894 175 MACCI
925 136 1130 175 PLAVTI

191 259 209 292 5
283 246 375 297 quia
396 259 485 285 meo
504 246 635 285 amico
654 245 832 284 amicite'r
851 246 955 284 hanc
981 245 1276 286 commoditatis
1296 246 1453 298 copiam
1579 259 1645 298 255

282 313 445 359 danunt,
468 311 616 361 argenti
640 311 766 349 mutui
787 318 829 349 ut
850 310 884 349 ci
907 311 1036 361 egenti
1058 325 1174 362 opem
1197 314 1371 351 adferam
1390 328 1401 361 ;

226 379 336 428 quod
357 391 430 428 ego
451 391 532 416 non
554 377 667 428 magi'
689 376 938 416 somniabam
961 391 1091 428 neque
1112 378 1304 428 opinabar
1324 391 1454 429 neque
1474 392 1562 418 cen-

1412 444 1560 491 sebam,

226 523 313 548 eam
334 510 415 548 fore
437 509 533 547 mihi
555 508 819 556 occasionem,
843 522 889 547 ea
910 522 1017 547 nunc
1038 508 1149 559 quasi
1171 509 1321 548 decidit
1341 510 1392 549 de
1411 511 1522 549 caelo
1538 523 1549 558 ;

226 588 318 613 nam
347 576 426 613 eru’
456 575 558 613 meu'
589 587 652 613 me
683 560 875 613 Eretriam
906 573 1021 622 misit,
1055 574 1228 613 domitos
1256 575 1380 614 boues
1407 574 1463 612 uti
1487 574 1562 613 sibi

1356 653 1559 688 mercarer,

170 722 208 744 ιο
226 706 336 745 dedit
356 713 572 756 argentum,
596 719 687 744 nam
708 704 763 744 ibi
785 712 1001 744 mercatum
1023 705 1119 744 dixit
1141 707 1213 744 ess'
1233 705 1520 757 dieseptumei:
1579 710 1648 745 260

225 773 376 821 stultus,
418 771 485 822 qui
524 773 601 810 hoc
640 771 736 809 mihi
775 772 886 810 daret
924 779 1139 822 argentum,
1178 771 1320 822 quoius
1358 771 1560 822 ingenium

1382 844 1558 876 nouerat.

224 916 316 941 nam
338 903 414 941 hoc
430 909 634 953 argentum
663 901 666 953 Ι
691 901 785 940 alibi
806 902 969 941 abutar:
1002 903 1149 941 ‘boues
1170 915 1270 953 quos
1286 915 1458 942 emerem
1480 916 1560 942 non

1427 970 1562 1007 erant.'

224 1046 331 1072 nunc
378 1040 417 1072 et
463 1032 593 1071 amico
641 1033 882 1084 prosperabo
923 1040 962 1072 et
1001 1032 1119 1083 genio
1162 1045 1253 1072 meo
1295 1034 1418 1072 multa
1455 1033 1562 1072 bona

1408 1098 1561 1146 faciam,

225 1164 293 1204 diu
314 1177 394 1215 quo
416 1164 518 1203 bene
539 1164 623 1212 erit,
640 1163 704 1203 die
725 1177 806 1203 uno
822 1165 1053 1214 apsoluam:
1083 1170 1218 1202 tuxtax
1239 1170 1346 1215 tergo
1367 1163 1437 1203 erit
1459 1163 1558 1203 meo.

1352 1242 1433 1268 non
1454 1243 1559 1268 curo.

169 1308 205 1340 15
227 1308 332 1333 nunc
352 1294 481 1333 amico
502 1294 730 1334 hominibus
751 1294 911 1333 domitis
932 1307 1021 1333 mea
1040 1308 1087 1333 ex
1107 1307 1285 1332 crumma
1304 1294 1451 1345 largiar.
1580 1298 1645 1343 265

227 1374 318 1399 nam
340 1360 379 1399 id
393 1361 555 1399 demum
573 1360 798 1411 lepidumst,
814 1360 1001 1411 triparcos
1015 1359 1208 1407 homines,
1226 1361 1391 1407 uetulos,
1408 1359 1560 1406 auidos,

1446 1428 1562 1465 ardos

228 1490 330 1529 bene
350 1491 595 1538 admordere,
619 1491 685 1541 qui
707 1491 875 1530 salinum
897 1504 1012 1530 seruo
1033 1490 1243 1541 opsignant
1263 1504 1354 1530 cum
1376 1492 1466 1530 sale.

550 1556 673 1595 uirtus
694 1565 762 1602 est,
787 1556 855 1595 ubi
876 1556 1033 1595 occasio

442 1623 642 1669 admonet,
667 1622 870 1672 dispicere.
934 1622 1031 1672 quid
1052 1621 1167 1660 faciet
1188 1622 1283 1660 mihi
1301 1624 1318 1661 ?
1576 1628 1663 1663 268ει

171 1701 211 1724 20
282 1687 511 1725 uerberibus
532 1687 644 1725 caedi
666 1687 828 1733 iusserit,
852 1687 1057 1737 compedis
1078 1687 1252 1737 impingi.
1304 1689 1476 1738 uapulet‚

282 1765 331 1790 ne
348 1751 421 1790 sibi
439 1766 502 1790 me
518 1753 651 1791 credat
668 1753 887 1803 supplicem
906 1754 987 1791 sore
1007 1767 1014 1790 :
1046 1766 1118 1791 uae
1140 1752 1192 1790 illi
1214 1755 1220 1790 l
1251 1753 1347 1790 nihil
1364 1753 1440 1791 iam
1463 1752 1558 1791 mihi
1579 1761 1648 1795 270

1464 1817 1558 1857 noui

332 1884 470 1922 offerre
504 1891 633 1934 potest
668 1884 763 1934 quin
799 1884 871 1922 sim
908 1884 1064 1935 peritus.
1126 1885 1196 1923 sed
1230 1884 1359 1923 Toxili
1393 1897 1558 1935 puerum

574 1953 587 1962 '
1170 1949 1386 2000 Paegnium
1407 1962 1557 1988 eccum.

268 2060 331 2091 255
355 2052 447 2093 quia]
466 2062 566 2091 quam
582 2052 670 2084 codd.
690 2053 869 2091 Nonz‘i51o
990 2053 1053 2091 256
1077 2052 1242 2091 utlegenti
1262 2052 1294 2083 Ρ
1427 2062 1488 2091 257
1513 2051 1564 2082 vd

226 2105 322 2133 mage
411 2096 461 2125 vel
489 2097 667 2136 opinabam
790 2097 863 2135 258.
892 2106 955 2135 259
980 2097 1106 2126 inverso
1130 2095 1242 2126 ordine
1262 2096 1296 2126 Ρ
1315 2097 1359 2136 (v.
1387 2097 1450 2134 258
1465 2096 1562 2136 prius

225 2139 347 2169 omisso
359 2143 493 2179 propter
509 2139 731 2171 homoeoarcll.
750 2142 759 2171 ,ἶ
785 2140 815 2171 ii.
835 2141 856 2169 6
973 2149 1036 2179 259
1063 2150 1141 2170 num
1167 2140 1201 2170 P
1276 2139 1327 2169 vel
1339 2144 1374 2169 ut
1391 2138 1561 2179 <rhythmo

215 2181 363 2220 savenlei
456 2184 519 2214 260
543 2185 598 2214 die
617 2194 691 2215 essc
708 2193 733 2214 s.
753 2184 856 2214 Bothe
953 2185 1016 2213 262
1040 2184 1160 2214 abutar
1176 2183 1252 2214 alibi
1275 2183 1410 2213 Gmbtns
1474 2183 1555 2222 sort

226 2225 326 2256 aliubi
344 2226 394 2257 ab.
544 2230 606 2265 263
632 2233 664 2258 et
681 2238 747 2258 om.
775 2227 807 2256 A
925 2227 1032 2257 amico
1052 2226 1162 2268 [mco]
1181 2227 1214 2256 P
1381 2227 1444 2264 264
1468 2227 1558 2266 quod

226 2267 260 2297 P
404 2271 467 2309 265
493 2271 615 2302 homini
634 2271 716 2301 binis
735 2271 805 2312 (vix
820 2270 931 2301 bibus&
950 2271 1007 2301 A:
1026 2271 1153 2301 homini
1172 2271 1279 2301 bubus
1297 2270 1397 2311 (Tul
1410 2269 1492 2309 vid.)
1513 2270 1563 2300 vel

228 2306 641 2354 homiiiibus(P¹³C)P(cs.
658 2306 766 2346 Closs,
787 2314 866 2345 Rev.
889 2324 938 2348 10
955 2316 1052 2354 333)=
1079 2314 1206 2345 homini
1226 2315 1300 2344 ibus
1317 2312 1559 2344 sonnenschmt

228 2356 289 2394 267
315 2357 389 2395 quis
413 2357 559 2387 alienum
578 2358 610 2388 P
718 2358 781 2388 268
805 2358 862 2388 v'm·
885 2358 1006 2388 uirtust
1119 2360 1184 2398 269
1210 2358 1336 2398 imponi
1354 2357 1387 2388 P
1494 2367 1559 2399 270

229 2400 308 2429 mihi
328 2401 390 2430 iam
409 2401 491 2431 nihil
511 2401 544 2433 P
674 2412 733 2441 271
762 2402 875 2432 offerri
893 2401 1021 2441 P,sor!.
1045 2405 1118 2432 tecle
