<?xml version="1.0" encoding="UTF-8"?>
<!DOCTYPE html PUBLIC "-//W3C//DTD XHTML 1.0 Transitional//EN"
    "http://www.w3.org/TR/xhtml1/DTD/xhtml1-transitional.dtd">
<html xmlns="http://www.w3.org/1999/xhtml" xml:lang="en" lang="en">
 <head>
  <title>
</title>
<meta http-equiv="Content-Type" content="text/html;charset=utf-8" />
  <meta name='ocr-system' content='tesseract 3.04.00' />
  <meta name='ocr-capabilities' content='ocr_page ocr_carea ocr_par ocr_line ocrx_word'/>
</head>
<body>
  <div class='ocr_page' id='page_1' title='image "./comoediaerecogno02plau_0375.png"; bbox 0 0 1747 2740; ppageno 0'>
   <div class='ocr_carea' id='block_1_1' title="bbox 22 381 104 436">
    <p class='ocr_par' dir='ltr' id='par_1_1' title="bbox 22 381 104 436">
     <span class='ocr_line' id='line_1_1' title="bbox 22 381 104 436; baseline 0.037 -52"><span class='ocrx_word' id='word_1_1' title='bbox 22 381 104 436; x_wconf 65' lang='lat'>“⁶70</span> 
     </span>
    </p>
   </div>
   <div class='ocr_carea' id='block_1_2' title="bbox 7 1047 98 1144">
    <p class='ocr_par' dir='ltr' id='par_1_2' title="bbox 7 1047 98 1144">
     <span class='ocr_line' id='line_1_2' title="bbox 28 1047 98 1081; baseline -0.014 0"><span class='ocrx_word' id='word_1_2' title='bbox 28 1047 98 1081; x_wconf 90' lang='lat'>680</span> 
     </span>
     <span class='ocr_line' id='line_1_3' title="bbox 7 1109 97 1144; baseline -0.011 0"><span class='ocrx_word' id='word_1_3' title='bbox 7 1109 97 1144; x_wconf 80' lang='lat'><strong>680⁸·</strong></span> 
     </span>
    </p>
   </div>
   <div class='ocr_carea' id='block_1_3' title="bbox 7 1246 98 1282">
    <p class='ocr_par' dir='ltr' id='par_1_3' title="bbox 7 1246 98 1282">
     <span class='ocr_line' id='line_1_4' title="bbox 7 1246 98 1282; baseline 0.011 -1"><span class='ocrx_word' id='word_1_4' title='bbox 7 1246 98 1282; x_wconf 71' lang='lat' dir='ltr'>681a</span> 
     </span>
    </p>
   </div>
   <div class='ocr_carea' id='block_1_4' title="bbox 27 1570 93 1616">
    <p class='ocr_par' dir='ltr' id='par_1_4' title="bbox 27 1570 93 1616">
     <span class='ocr_line' id='line_1_5' title="bbox 27 1570 93 1616; baseline 0 -11"><span class='ocrx_word' id='word_1_5' title='bbox 27 1570 93 1616; x_wconf 82' lang='lat'>685</span> 
     </span>
    </p>
   </div>
   <div class='ocr_carea' id='block_1_5' title="bbox 662 146 1523 187">
    <p class='ocr_par' dir='ltr' id='par_1_5' title="bbox 662 146 1523 187">
     <span class='ocr_line' id='line_1_6' title="bbox 662 146 1523 187; baseline 0 -1"><span class='ocrx_word' id='word_1_6' title='bbox 662 146 888 187; x_wconf 87' lang='lat' dir='ltr'>RVDENS</span> <span class='ocrx_word' id='word_1_7' title='bbox 1376 147 1453 186; x_wconf 90' lang='lat' dir='ltr'>III.</span> <span class='ocrx_word' id='word_1_8' title='bbox 1476 149 1523 187; x_wconf 84' lang='lat' dir='ltr'>iii</span> 
     </span>
    </p>
   </div>
   <div class='ocr_carea' id='block_1_6' title="bbox 171 259 1456 1291">
    <p class='ocr_par' dir='ltr' id='par_1_6' title="bbox 171 259 1456 1291">
     <span class='ocr_line' id='line_1_7' title="bbox 284 259 1240 306; baseline -0.002 -6"><span class='ocrx_word' id='word_1_9' title='bbox 284 261 454 300; x_wconf 88' lang='lat' dir='ltr'>scimus:</span> <span class='ocrx_word' id='word_1_10' title='bbox 484 266 595 298; x_wconf 87' lang='lat' dir='ltr'>tanto</span> <span class='ocrx_word' id='word_1_11' title='bbox 615 259 654 297; x_wconf 92' lang='lat' dir='ltr'>in</span> <span class='ocrx_word' id='word_1_12' title='bbox 676 267 783 298; x_wconf 89' lang='lat' dir='ltr'>metu</span> <span class='ocrx_word' id='word_1_13' title='bbox 805 273 910 298; x_wconf 87' lang='lat' dir='ltr'>nunc</span> <span class='ocrx_word' id='word_1_14' title='bbox 931 272 1066 297; x_wconf 88' lang='lat' dir='ltr'>sumus</span> <span class='ocrx_word' id='word_1_15' title='bbox 1086 259 1240 306; x_wconf 89' lang='lat' dir='ltr'>ambae,</span> 
     </span>
     <span class='ocr_line' id='line_1_8' title="bbox 228 324 1025 378; baseline -0.004 -13"><span class='ocrx_word' id='word_1_16' title='bbox 228 325 374 378; x_wconf 79' lang='lat' dir='ltr'>(tanta)</span> <span class='ocrx_word' id='word_1_17' title='bbox 392 325 655 377; x_wconf 85' lang='lat' dir='ltr'>inportunitas</span> <span class='ocrx_word' id='word_1_18' title='bbox 676 332 864 375; x_wconf 85' lang='lat' dir='ltr'>tantaque</span> <span class='ocrx_word' id='word_1_19' title='bbox 885 324 1025 363; x_wconf 87' lang='lat' dir='ltr'>iniuria</span> 
     </span>
     <span class='ocr_line' id='line_1_9' title="bbox 229 390 1225 437; baseline -0.001 -7"><span class='ocrx_word' id='word_1_20' title='bbox 229 399 314 430; x_wconf 91' lang='lat' dir='ltr'>orta</span> <span class='ocrx_word' id='word_1_21' title='bbox 334 391 373 430; x_wconf 88' lang='lat' dir='ltr'>in</span> <span class='ocrx_word' id='word_1_22' title='bbox 395 405 467 429; x_wconf 90' lang='lat' dir='ltr'>nos</span> <span class='ocrx_word' id='word_1_23' title='bbox 488 398 547 429; x_wconf 89' lang='lat' dir='ltr'>est</span> <span class='ocrx_word' id='word_1_24' title='bbox 567 391 690 429; x_wconf 93' lang='lat' dir='ltr'>modo</span> <span class='ocrx_word' id='word_1_25' title='bbox 710 390 775 428; x_wconf 87' lang='lat' dir='ltr'>hic</span> <span class='ocrx_word' id='word_1_26' title='bbox 795 390 900 428; x_wconf 79' lang='lat' dir='ltr'>intus</span> <span class='ocrx_word' id='word_1_27' title='bbox 920 390 971 428; x_wconf 88' lang='lat' dir='ltr'>ab</span> <span class='ocrx_word' id='word_1_28' title='bbox 992 397 1126 428; x_wconf 90' lang='lat' dir='ltr'>nostro</span> <span class='ocrx_word' id='word_1_29' title='bbox 1147 404 1225 437; x_wconf 89' lang='lat' dir='ltr'>ero,</span> 
     </span>
     <span class='ocr_line' id='line_1_10' title="bbox 229 454 1168 507; baseline -0.002 -12"><span class='ocrx_word' id='word_1_30' title='bbox 229 456 324 507; x_wconf 90' lang='lat' dir='ltr'>quin</span> <span class='ocrx_word' id='word_1_31' title='bbox 345 457 534 495; x_wconf 88' lang='lat' dir='ltr'>scelestus</span> <span class='ocrx_word' id='word_1_32' title='bbox 555 457 801 494; x_wconf 79' lang='lat' dir='ltr'><strong>sacerdotem</strong></span> <span class='ocrx_word' id='word_1_33' title='bbox 822 469 943 493; x_wconf 87' lang='lat' dir='ltr'>anum</span> <span class='ocrx_word' id='word_1_34' title='bbox 966 454 1168 506; x_wconf 88' lang='lat' dir='ltr'>praecipes</span> 
     </span>
     <span class='ocr_line' id='line_1_11' title="bbox 229 519 1159 573; baseline -0.003 -13"><span class='ocrx_word' id='word_1_35' title='bbox 229 521 408 573; x_wconf 85' lang='lat' dir='ltr'>reppulit,</span> <span class='ocrx_word' id='word_1_36' title='bbox 432 520 604 572; x_wconf 89' lang='lat' dir='ltr'>propulit</span> <span class='ocrx_word' id='word_1_37' title='bbox 625 534 815 571; x_wconf 78' lang='lat' dir='ltr'>perquam</span> <span class='ocrx_word' id='word_1_38' title='bbox 836 519 1007 570; x_wconf 78' lang='lat' dir='ltr'>indignis</span> <span class='ocrx_word' id='word_1_39' title='bbox 1029 520 1159 558; x_wconf 84' lang='lat' dir='ltr'>modis</span> 
     </span>
     <span class='ocr_line' id='line_1_12' title="bbox 227 585 1111 638; baseline -0.001 -13"><span class='ocrx_word' id='word_1_40' title='bbox 227 600 380 638; x_wconf 89' lang='lat' dir='ltr'>nosque</span> <span class='ocrx_word' id='word_1_41' title='bbox 400 588 451 626; x_wconf 89' lang='lat' dir='ltr'>ab</span> <span class='ocrx_word' id='word_1_42' title='bbox 472 586 585 637; x_wconf 87' lang='lat' dir='ltr'>signo</span> <span class='ocrx_word' id='word_1_43' title='bbox 605 586 761 625; x_wconf 90' lang='lat' dir='ltr'>intumo</span> <span class='ocrx_word' id='word_1_44' title='bbox 781 585 820 624; x_wconf 89' lang='lat' dir='ltr'>ui</span> <span class='ocrx_word' id='word_1_45' title='bbox 840 585 1011 636; x_wconf 85' lang='lat' dir='ltr'>deripuit</span> <span class='ocrx_word' id='word_1_46' title='bbox 1031 599 1111 624; x_wconf 85' lang='lat' dir='ltr'>sua.</span> 
     </span>
     <span class='ocr_line' id='line_1_13' title="bbox 172 653 1242 702; baseline -0.002 -11"><span class='ocrx_word' id='word_1_47' title='bbox 172 653 244 692; x_wconf 91' lang='lat' dir='ltr'>sed</span> <span class='ocrx_word' id='word_1_48' title='bbox 265 667 372 691; x_wconf 86' lang='lat' dir='ltr'>nunc</span> <span class='ocrx_word' id='word_1_49' title='bbox 392 666 477 691; x_wconf 90' lang='lat' dir='ltr'>sese</span> <span class='ocrx_word' id='word_1_50' title='bbox 498 659 541 690; x_wconf 92' lang='lat' dir='ltr'>ut</span> <span class='ocrx_word' id='word_1_51' title='bbox 561 653 691 690; x_wconf 90' lang='lat' dir='ltr'>ferunt</span> <span class='ocrx_word' id='word_1_52' title='bbox 711 666 771 690; x_wconf 90' lang='lat' dir='ltr'>res</span> <span class='ocrx_word' id='word_1_53' title='bbox 792 653 1052 702; x_wconf 84' lang='lat' dir='ltr'>fortunaeque</span> <span class='ocrx_word' id='word_1_54' title='bbox 1073 658 1242 698; x_wconf 88' lang='lat' dir='ltr'>nostrae,</span> 
     </span>
     <span class='ocr_line' id='line_1_14' title="bbox 226 716 1311 768; baseline -0.002 -12"><span class='ocrx_word' id='word_1_55' title='bbox 226 732 295 768; x_wconf 89' lang='lat' dir='ltr'>par</span> <span class='ocrx_word' id='word_1_56' title='bbox 317 717 446 757; x_wconf 90' lang='lat' dir='ltr'>moriri</span> <span class='ocrx_word' id='word_1_57' title='bbox 468 725 536 756; x_wconf 85' lang='lat' dir='ltr'>est.</span> <span class='ocrx_word' id='word_1_58' title='bbox 596 731 727 767; x_wconf 84' lang='lat' dir='ltr'>neque</span> <span class='ocrx_word' id='word_1_59' title='bbox 748 724 807 755; x_wconf 90' lang='lat' dir='ltr'>est</span> <span class='ocrx_word' id='word_1_60' title='bbox 827 716 967 755; x_wconf 89' lang='lat' dir='ltr'>melius</span> <span class='ocrx_word' id='word_1_61' title='bbox 989 724 1114 755; x_wconf 85' lang='lat' dir='ltr'>morte</span> <span class='ocrx_word' id='word_1_62' title='bbox 1138 716 1176 754; x_wconf 87' lang='lat' dir='ltr'>in</span> <span class='ocrx_word' id='word_1_63' title='bbox 1199 717 1311 755; x_wconf 86' lang='lat' dir='ltr'>malis</span> 
     </span>
     <span class='ocr_line' id='line_1_15' title="bbox 226 781 1374 832; baseline -0.001 -12"><span class='ocrx_word' id='word_1_64' title='bbox 226 783 343 822; x_wconf 88' lang='lat' dir='ltr'>rebus</span> <span class='ocrx_word' id='word_1_65' title='bbox 364 782 524 822; x_wconf 85' lang='lat' dir='ltr'>miseris.</span> <span class='ocrx_word' id='word_1_66' title='bbox 585 785 661 820; x_wconf 64' lang='grc' dir='ltr'>ΤΗ.</span> <span class='ocrx_word' id='word_1_67' title='bbox 694 781 791 832; x_wconf 87' lang='lat' dir='ltr'>quid</span> <span class='ocrx_word' id='word_1_68' title='bbox 812 783 900 820; x_wconf 89' lang='lat' dir='ltr'>est?</span> <span class='ocrx_word' id='word_1_69' title='bbox 929 781 1030 832; x_wconf 78' lang='lat' dir='ltr'>quae</span> <span class='ocrx_word' id='word_1_70' title='bbox 1050 781 1162 820; x_wconf 87' lang='lat' dir='ltr'>illaec</span> <span class='ocrx_word' id='word_1_71' title='bbox 1183 782 1374 820; x_wconf 86' lang='lat' dir='ltr'>oratiost?</span> 
     </span>
     <span class='ocr_line' id='line_1_16' title="bbox 171 847 1456 898; baseline -0.001 -11"><span class='ocrx_word' id='word_1_72' title='bbox 171 861 284 887; x_wconf 85' lang='lat' dir='ltr'>cesso</span> <span class='ocrx_word' id='word_1_73' title='bbox 305 861 378 898; x_wconf 86' lang='lat' dir='ltr'>ego</span> <span class='ocrx_word' id='word_1_74' title='bbox 399 850 469 886; x_wconf 88' lang='lat' dir='ltr'>has</span> <span class='ocrx_word' id='word_1_75' title='bbox 486 847 692 887; x_wconf 88' lang='lat' dir='ltr'>consolari.</span> <span class='ocrx_word' id='word_1_76' title='bbox 735 849 833 886; x_wconf 85' lang='lat' dir='ltr'>heus</span> <span class='ocrx_word' id='word_1_77' title='bbox 853 848 1072 885; x_wconf 74' lang='lat' dir='ltr'>Palaestra!</span> <span class='ocrx_word' id='word_1_78' title='bbox 1131 849 1199 884; x_wconf 79' lang='grc' dir='ltr'>ΡΑ.</span> <span class='ocrx_word' id='word_1_79' title='bbox 1223 847 1289 897; x_wconf 85' lang='lat' dir='ltr'>qui</span> <span class='ocrx_word' id='word_1_80' title='bbox 1309 850 1456 886; x_wconf 85' lang='lat' dir='ltr'>uocat?</span> 
     </span>
     <span class='ocr_line' id='line_1_17' title="bbox 225 912 1357 964; baseline -0.002 -12"><span class='ocrx_word' id='word_1_81' title='bbox 225 915 301 951; x_wconf 82' lang='lat' dir='ltr'>TR.</span> <span class='ocrx_word' id='word_1_82' title='bbox 334 913 572 964; x_wconf 83' lang='lat' dir='ltr'>Ampelisca.</span> <span class='ocrx_word' id='word_1_83' title='bbox 619 916 701 952; x_wconf 82' lang='grc' dir='ltr'>ΑΜ.</span> <span class='ocrx_word' id='word_1_84' title='bbox 735 926 911 964; x_wconf 78' lang='lat' dir='ltr'>opsecro,</span> <span class='ocrx_word' id='word_1_85' title='bbox 935 912 1022 963; x_wconf 83' lang='lat' dir='ltr'>quis</span> <span class='ocrx_word' id='word_1_86' title='bbox 1043 920 1101 951; x_wconf 85' lang='lat' dir='ltr'>est</span> <span class='ocrx_word' id='word_1_87' title='bbox 1122 912 1188 962; x_wconf 83' lang='lat' dir='ltr'>qui</span> <span class='ocrx_word' id='word_1_88' title='bbox 1211 915 1357 951; x_wconf 89' lang='lat' dir='ltr'>uocat?</span> 
     </span>
     <span class='ocr_line' id='line_1_18' title="bbox 227 978 1398 1030; baseline -0.001 -13"><span class='ocrx_word' id='word_1_89' title='bbox 227 981 295 1017; x_wconf 80' lang='grc' dir='ltr'>ΡΑ.</span> <span class='ocrx_word' id='word_1_90' title='bbox 329 979 415 1030; x_wconf 83' lang='lat' dir='ltr'>quis</span> <span class='ocrx_word' id='word_1_91' title='bbox 437 978 468 1017; x_wconf 87' lang='lat' dir='ltr'>is</span> <span class='ocrx_word' id='word_1_92' title='bbox 489 988 547 1018; x_wconf 88' lang='lat' dir='ltr'>est</span> <span class='ocrx_word' id='word_1_93' title='bbox 568 979 635 1029; x_wconf 85' lang='lat' dir='ltr'>qui</span> <span class='ocrx_word' id='word_1_94' title='bbox 657 978 865 1018; x_wconf 86' lang='lat' dir='ltr'>nominat?</span> <span class='ocrx_word' id='word_1_95' title='bbox 922 980 997 1016; x_wconf 67' lang='grc' dir='ltr'>ΤΚ.</span> <span class='ocrx_word' id='word_1_96' title='bbox 1031 978 1061 1016; x_wconf 92' lang='lat' dir='ltr'>si</span> <span class='ocrx_word' id='word_1_97' title='bbox 1083 978 1265 1028; x_wconf 77' lang='lat' dir='ltr'>respexis‚</span> <span class='ocrx_word' id='word_1_98' title='bbox 1289 978 1398 1017; x_wconf 84' lang='lat' dir='ltr'>scies.</span> 
     </span>
     <span class='ocr_line' id='line_1_19' title="bbox 227 1043 1452 1094; baseline -0.001 -11"><span class='ocrx_word' id='word_1_99' title='bbox 227 1046 294 1082; x_wconf 66' lang='grc' dir='ltr'>ΡΑ.</span> <span class='ocrx_word' id='word_1_100' title='bbox 329 1059 353 1083; x_wconf 97' lang='lat' dir='ltr'>o</span> <span class='ocrx_word' id='word_1_101' title='bbox 373 1045 508 1083; x_wconf 86' lang='lat' dir='ltr'>salutis</span> <span class='ocrx_word' id='word_1_102' title='bbox 530 1058 642 1083; x_wconf 87' lang='lat' dir='ltr'>meae</span> <span class='ocrx_word' id='word_1_103' title='bbox 662 1058 761 1094; x_wconf 82' lang='lat' dir='ltr'>spes.</span> <span class='ocrx_word' id='word_1_104' title='bbox 833 1045 908 1081; x_wconf 85' lang='lat' dir='ltr'>TR.</span> <span class='ocrx_word' id='word_1_105' title='bbox 942 1051 1028 1081; x_wconf 90' lang='lat' dir='ltr'>tace</span> <span class='ocrx_word' id='word_1_106' title='bbox 1048 1057 1095 1081; x_wconf 87' lang='lat' dir='ltr'>ac</span> <span class='ocrx_word' id='word_1_107' title='bbox 1115 1044 1223 1082; x_wconf 85' lang='lat' dir='ltr'>bono</span> <span class='ocrx_word' id='word_1_108' title='bbox 1245 1043 1378 1082; x_wconf 88' lang='lat' dir='ltr'>animo</span> <span class='ocrx_word' id='word_1_109' title='bbox 1400 1057 1452 1082; x_wconf 76' lang='lat' dir='ltr'>es.</span> 
     </span>
     <span class='ocr_line' id='line_1_20' title="bbox 226 1108 1338 1159; baseline -0.002 -11"><span class='ocrx_word' id='word_1_110' title='bbox 226 1123 289 1148; x_wconf 89' lang='lat' dir='ltr'>me</span> <span class='ocrx_word' id='word_1_111' title='bbox 310 1110 412 1149; x_wconf 87' lang='lat' dir='ltr'>uide.</span> <span class='ocrx_word' id='word_1_112' title='bbox 474 1113 541 1148; x_wconf 77' lang='grc' dir='ltr'>ΡΑ.</span> <span class='ocrx_word' id='word_1_113' title='bbox 575 1110 604 1148; x_wconf 86' lang='lat' dir='ltr'>si</span> <span class='ocrx_word' id='word_1_114' title='bbox 628 1111 749 1148; x_wconf 86' lang='lat' dir='ltr'>modo</span> <span class='ocrx_word' id='word_1_115' title='bbox 770 1109 810 1148; x_wconf 85' lang='lat' dir='ltr'>id</span> <span class='ocrx_word' id='word_1_116' title='bbox 830 1109 957 1156; x_wconf 87' lang='lat' dir='ltr'>liceat,</span> <span class='ocrx_word' id='word_1_117' title='bbox 980 1108 1039 1147; x_wconf 92' lang='lat' dir='ltr'>uis</span> <span class='ocrx_word' id='word_1_118' title='bbox 1061 1123 1110 1147; x_wconf 89' lang='lat' dir='ltr'>ne</span> <span class='ocrx_word' id='word_1_119' title='bbox 1131 1108 1338 1159; x_wconf 86' lang='lat' dir='ltr'>opprimat,</span> 
     </span>
     <span class='ocr_line' id='line_1_21' title="bbox 225 1174 1454 1226; baseline 0 -12"><span class='ocrx_word' id='word_1_120' title='bbox 225 1189 327 1226; x_wconf 89' lang='lat' dir='ltr'>quae</span> <span class='ocrx_word' id='word_1_121' title='bbox 347 1175 407 1214; x_wconf 87' lang='lat' dir='ltr'>uis</span> <span class='ocrx_word' id='word_1_122' title='bbox 428 1175 510 1214; x_wconf 91' lang='lat' dir='ltr'>uim</span> <span class='ocrx_word' id='word_1_123' title='bbox 532 1175 585 1214; x_wconf 89' lang='lat' dir='ltr'>mi</span> <span class='ocrx_word' id='word_1_124' title='bbox 605 1176 780 1214; x_wconf 88' lang='lat' dir='ltr'>adferam</span> <span class='ocrx_word' id='word_1_125' title='bbox 802 1174 887 1225; x_wconf 88' lang='lat' dir='ltr'>ipsa</span> <span class='ocrx_word' id='word_1_126' title='bbox 906 1174 1038 1225; x_wconf 84' lang='lat' dir='ltr'>adigit.</span> <span class='ocrx_word' id='word_1_127' title='bbox 1089 1176 1165 1212; x_wconf 86' lang='lat' dir='ltr'>TR.</span> <span class='ocrx_word' id='word_1_128' title='bbox 1197 1175 1272 1213; x_wconf 79' lang='lat' dir='ltr'>ah!</span> <span class='ocrx_word' id='word_1_129' title='bbox 1303 1174 1454 1223; x_wconf 89' lang='lat' dir='ltr'>desine,</span> 
     </span>
     <span class='ocr_line' id='line_1_22' title="bbox 548 1240 891 1291; baseline 0.003 -13"><span class='ocrx_word' id='word_1_130' title='bbox 548 1240 665 1279; x_wconf 88' lang='lat' dir='ltr'>nimis</span> <span class='ocrx_word' id='word_1_131' title='bbox 685 1240 820 1291; x_wconf 83' lang='lat' dir='ltr'>inepta</span> <span class='ocrx_word' id='word_1_132' title='bbox 839 1254 891 1279; x_wconf 80' lang='lat' dir='ltr'>es.</span> 
     </span>
    </p>
   </div>
   <div class='ocr_carea' id='block_1_7' title="bbox 114 1369 1453 1671">
    <p class='ocr_par' dir='ltr' id='par_1_7' title="bbox 116 1369 1237 1418">
     <span class='ocr_line' id='line_1_23' title="bbox 116 1369 1237 1418; baseline 0 -10"><span class='ocrx_word' id='word_1_133' title='bbox 116 1372 184 1408; x_wconf 82' lang='grc' dir='ltr'>ΡΑ.</span> <span class='ocrx_word' id='word_1_134' title='bbox 218 1370 363 1410; x_wconf 87' lang='lat' dir='ltr'>desiste</span> <span class='ocrx_word' id='word_1_135' title='bbox 383 1370 499 1410; x_wconf 88' lang='lat' dir='ltr'>dictis</span> <span class='ocrx_word' id='word_1_136' title='bbox 521 1370 707 1409; x_wconf 88' lang='lat' dir='ltr'>nunciam</span> <span class='ocrx_word' id='word_1_137' title='bbox 729 1370 911 1409; x_wconf 83' lang='lat' dir='ltr'>miseram</span> <span class='ocrx_word' id='word_1_138' title='bbox 934 1384 997 1408; x_wconf 82' lang='lat' dir='ltr'>mc</span> <span class='ocrx_word' id='word_1_139' title='bbox 1018 1369 1237 1418; x_wconf 79' lang='lat' dir='ltr'>consolari3</span> 
     </span>
    </p>

    <p class='ocr_par' dir='ltr' id='par_1_8' title="bbox 115 1435 1451 1486">
     <span class='ocr_line' id='line_1_24' title="bbox 115 1435 1451 1486; baseline 0 -12"><span class='ocrx_word' id='word_1_140' title='bbox 115 1436 189 1474; x_wconf 88' lang='lat' dir='ltr'>nisi</span> <span class='ocrx_word' id='word_1_141' title='bbox 206 1437 302 1486; x_wconf 90' lang='lat' dir='ltr'>quid</span> <span class='ocrx_word' id='word_1_142' title='bbox 323 1450 363 1475; x_wconf 91' lang='lat' dir='ltr'>re</span> <span class='ocrx_word' id='word_1_143' title='bbox 384 1436 623 1486; x_wconf 84' lang='lat' dir='ltr'>praesidium</span> <span class='ocrx_word' id='word_1_144' title='bbox 644 1449 820 1486; x_wconf 84' lang='lat' dir='ltr'>apparas,</span> <span class='ocrx_word' id='word_1_145' title='bbox 840 1435 1062 1482; x_wconf 79' lang='lat' dir='ltr'>Trachalio,</span> <span class='ocrx_word' id='word_1_146' title='bbox 1079 1443 1167 1474; x_wconf 85' lang='lat' dir='ltr'>acta</span> <span class='ocrx_word' id='word_1_147' title='bbox 1188 1437 1285 1475; x_wconf 83' lang='lat' dir='ltr'>haec</span> <span class='ocrx_word' id='word_1_148' title='bbox 1307 1450 1366 1474; x_wconf 87' lang='lat' dir='ltr'>res</span> <span class='ocrx_word' id='word_1_149' title='bbox 1383 1443 1451 1474; x_wconf 88' lang='lat' dir='ltr'>est.</span> 
     </span>
    </p>

    <p class='ocr_par' dir='ltr' id='par_1_9' title="bbox 114 1499 1452 1551">
     <span class='ocr_line' id='line_1_25' title="bbox 114 1499 1452 1551; baseline 0 -12"><span class='ocrx_word' id='word_1_150' title='bbox 114 1503 197 1539; x_wconf 68' lang='lat' dir='ltr'>An.</span> <span class='ocrx_word' id='word_1_151' title='bbox 220 1508 408 1540; x_wconf 87' lang='lat' dir='ltr'>certumst</span> <span class='ocrx_word' id='word_1_152' title='bbox 425 1501 555 1540; x_wconf 88' lang='lat' dir='ltr'>moriri</span> <span class='ocrx_word' id='word_1_153' title='bbox 573 1515 692 1551; x_wconf 86' lang='lat' dir='ltr'>quam</span> <span class='ocrx_word' id='word_1_154' title='bbox 710 1502 816 1539; x_wconf 89' lang='lat' dir='ltr'>hunc</span> <span class='ocrx_word' id='word_1_155' title='bbox 831 1501 909 1551; x_wconf 85' lang='lat' dir='ltr'>pati</span> <span class='ocrx_word' id='word_1_156' title='bbox 922 1499 1108 1551; x_wconf 68' lang='lat' dir='ltr'>(saeuire)</span> <span class='ocrx_word' id='word_1_157' title='bbox 1123 1503 1307 1540; x_wconf 89' lang='lat' dir='ltr'>lenonem</span> <span class='ocrx_word' id='word_1_158' title='bbox 1324 1501 1362 1539; x_wconf 88' lang='lat' dir='ltr'>in</span> <span class='ocrx_word' id='word_1_159' title='bbox 1379 1515 1452 1539; x_wconf 90' lang='lat' dir='ltr'>me.</span> 
     </span>
    </p>

    <p class='ocr_par' dir='ltr' id='par_1_10' title="bbox 114 1565 1453 1671">
     <span class='ocr_line' id='line_1_26' title="bbox 114 1565 1453 1618; baseline -0.001 -13"><span class='ocrx_word' id='word_1_160' title='bbox 114 1567 185 1606; x_wconf 89' lang='lat' dir='ltr'>sed</span> <span class='ocrx_word' id='word_1_161' title='bbox 215 1565 396 1605; x_wconf 87' lang='lat' dir='ltr'>muliebri</span> <span class='ocrx_word' id='word_1_162' title='bbox 425 1565 559 1605; x_wconf 89' lang='lat' dir='ltr'>animo</span> <span class='ocrx_word' id='word_1_163' title='bbox 589 1580 677 1605; x_wconf 87' lang='lat' dir='ltr'>sum</span> <span class='ocrx_word' id='word_1_164' title='bbox 707 1573 864 1606; x_wconf 89' lang='lat' dir='ltr'>tamen:</span> <span class='ocrx_word' id='word_1_165' title='bbox 894 1566 1058 1605; x_wconf 86' lang='lat' dir='ltr'>miserae</span> <span class='ocrx_word' id='word_1_166' title='bbox 1087 1565 1228 1618; x_wconf 87' lang='lat' dir='ltr'>(quom</span> <span class='ocrx_word' id='word_1_167' title='bbox 1258 1566 1385 1618; x_wconf 83' lang='lat' dir='ltr'>uenit&gt;</span> <span class='ocrx_word' id='word_1_168' title='bbox 1414 1567 1453 1605; x_wconf 92' lang='lat' dir='ltr'>in</span> 
     </span>
     <span class='ocr_line' id='line_1_27' title="bbox 948 1641 1450 1671; baseline 0.008 -4"><span class='ocrx_word' id='word_1_169' title='bbox 948 1642 952 1646; x_wconf 86' lang='grc'><strong>’</strong></span> <span class='ocrx_word' id='word_1_170' title='bbox 1276 1641 1450 1671; x_wconf 87' lang='lat' dir='ltr'>mentem</span> 
     </span>
    </p>
   </div>
   <div class='ocr_carea' id='block_1_8' title="bbox 114 1697 1512 1749">
    <p class='ocr_par' dir='ltr' id='par_1_11' title="bbox 114 1697 1512 1749">
     <span class='ocr_line' id='line_1_28' title="bbox 114 1697 1512 1749; baseline 0.001 -13"><span class='ocrx_word' id='word_1_171' title='bbox 114 1697 211 1736; x_wconf 90' lang='lat' dir='ltr'>mihi</span> <span class='ocrx_word' id='word_1_172' title='bbox 246 1697 390 1745; x_wconf 84' lang='lat' dir='ltr'>mortis,</span> <span class='ocrx_word' id='word_1_173' title='bbox 425 1699 543 1737; x_wconf 89' lang='lat' dir='ltr'>metu&#39;</span> <span class='ocrx_word' id='word_1_174' title='bbox 574 1697 752 1736; x_wconf 91' lang='lat' dir='ltr'>membra</span> <span class='ocrx_word' id='word_1_175' title='bbox 786 1704 964 1748; x_wconf 87' lang='lat' dir='ltr'>occupat.</span> <span class='ocrx_word' id='word_1_176' title='bbox 1025 1698 1167 1749; x_wconf 90' lang='lat' dir='ltr'>edepol</span> <span class='ocrx_word' id='word_1_177' title='bbox 1203 1698 1308 1738; x_wconf 87' lang='lat' dir='ltr'>diem</span> <span class='ocrx_word' id='word_1_178' title='bbox 1344 1700 1450 1737; x_wconf 87' lang='lat' dir='ltr'>hunc</span> <span class='ocrx_word' id='word_1_179' title='bbox 1472 1715 1512 1748; x_wconf 82' lang='lat'>25</span> 
     </span>
    </p>
   </div>
   <div class='ocr_carea' id='block_1_9' title="bbox 1237 1764 1450 1802">
    <p class='ocr_par' dir='ltr' id='par_1_12' title="bbox 1237 1764 1450 1802">
     <span class='ocr_line' id='line_1_29' title="bbox 1237 1764 1450 1802; baseline 0 0"><span class='ocrx_word' id='word_1_180' title='bbox 1237 1764 1424 1802; x_wconf 89' lang='lat' dir='ltr'>acerbum</span> <span class='ocrx_word' id='word_1_181' title='bbox 1443 1767 1450 1802; x_wconf 73' lang='lat' dir='ltr'>i</span> 
     </span>
    </p>
   </div>
   <div class='ocr_carea' id='block_1_10' title="bbox 112 1828 1451 1934">
    <p class='ocr_par' dir='ltr' id='par_1_13' title="bbox 112 1828 1451 1934">
     <span class='ocr_line' id='line_1_30' title="bbox 112 1828 1450 1879; baseline 0 -12"><span class='ocrx_word' id='word_1_182' title='bbox 112 1830 192 1868; x_wconf 84' lang='lat' dir='ltr'>TR.</span> <span class='ocrx_word' id='word_1_183' title='bbox 241 1829 391 1868; x_wconf 91' lang='lat' dir='ltr'>bonum</span> <span class='ocrx_word' id='word_1_184' title='bbox 430 1828 608 1868; x_wconf 88' lang='lat' dir='ltr'>animum</span> <span class='ocrx_word' id='word_1_185' title='bbox 643 1829 797 1868; x_wconf 87' lang='lat' dir='ltr'>habete.</span> <span class='ocrx_word' id='word_1_186' title='bbox 872 1830 941 1867; x_wconf 83' lang='grc' dir='ltr'>ΡΑ.</span> <span class='ocrx_word' id='word_1_187' title='bbox 988 1842 1092 1876; x_wconf 86' lang='lat' dir='ltr'>nam,</span> <span class='ocrx_word' id='word_1_188' title='bbox 1129 1842 1309 1879; x_wconf 84' lang='lat' dir='ltr'>opsecro,</span> <span class='ocrx_word' id='word_1_189' title='bbox 1343 1830 1450 1868; x_wconf 86' lang='lat' dir='ltr'>unde</span> 
     </span>
     <span class='ocr_line' id='line_1_31' title="bbox 881 1894 1451 1934; baseline 0 -1"><span class='ocrx_word' id='word_1_190' title='bbox 881 1895 953 1934; x_wconf 87' lang='lat' dir='ltr'>iste</span> <span class='ocrx_word' id='word_1_191' title='bbox 973 1895 1129 1933; x_wconf 88' lang='lat' dir='ltr'>animus</span> <span class='ocrx_word' id='word_1_192' title='bbox 1150 1894 1202 1933; x_wconf 88' lang='lat' dir='ltr'>mi</span> <span class='ocrx_word' id='word_1_193' title='bbox 1224 1894 1451 1933; x_wconf 89' lang='lat' dir='ltr'>inuenitur?</span> 
     </span>
    </p>
   </div>
   <div class='ocr_carea' id='block_1_11' title="bbox 155 1998 1447 2042">
    <p class='ocr_par' dir='ltr' id='par_1_14' title="bbox 155 1998 1447 2042">
     <span class='ocr_line' id='line_1_32' title="bbox 155 1998 1447 2042; baseline -0.002 -11"><span class='ocrx_word' id='word_1_194' title='bbox 155 2001 219 2031; x_wconf 84' lang='lat'>668</span> <span class='ocrx_word' id='word_1_195' title='bbox 242 2001 368 2032; x_wconf 89' lang='lat' dir='ltr'>scimus</span> <span class='ocrx_word' id='word_1_196' title='bbox 385 2001 516 2042; x_wconf 75' lang='lat' dir='ltr'>scripsi:</span> <span class='ocrx_word' id='word_1_197' title='bbox 543 2000 690 2032; x_wconf 85' lang='lat' dir='ltr'>sciamus</span> <span class='ocrx_word' id='word_1_198' title='bbox 708 1999 776 2031; x_wconf 86' lang='lat' dir='ltr'>cod.</span> <span class='ocrx_word' id='word_1_199' title='bbox 873 2001 940 2040; x_wconf 87' lang='lat'>669</span> <span class='ocrx_word' id='word_1_200' title='bbox 964 2004 1057 2030; x_wconf 86' lang='lat' dir='ltr'>tanta</span> <span class='ocrx_word' id='word_1_201' title='bbox 1074 1998 1181 2039; x_wconf 83' lang='lat' dir='ltr'>suppl.</span> <span class='ocrx_word' id='word_1_202' title='bbox 1202 1998 1288 2030; x_wconf 56' lang='lat' dir='ltr'>talla</span> <span class='ocrx_word' id='word_1_203' title='bbox 1386 2002 1447 2038; x_wconf 89' lang='lat'>671</span> 
     </span>
    </p>
   </div>
   <div class='ocr_carea' id='block_1_12' title="bbox 109 2042 1449 2172">
    <p class='ocr_par' dir='ltr' id='par_1_15' title="bbox 109 2042 1449 2172">
     <span class='ocr_line' id='line_1_33' title="bbox 109 2042 1449 2085; baseline 0 -11"><span class='ocrx_word' id='word_1_204' title='bbox 109 2044 166 2083; x_wconf 86' lang='lat' dir='ltr'>qui</span> <span class='ocrx_word' id='word_1_205' title='bbox 183 2043 369 2075; x_wconf 71' lang='lat' dir='ltr'>Saracenas</span> <span class='ocrx_word' id='word_1_206' title='bbox 388 2046 440 2084; x_wconf 71' lang='lat' dir='ltr'>(cs.</span> <span class='ocrx_word' id='word_1_207' title='bbox 461 2044 538 2085; x_wconf 87' lang='lat'><strong>760)</strong></span> <span class='ocrx_word' id='word_1_208' title='bbox 652 2046 716 2083; x_wconf 86' lang='lat'><strong>673</strong></span> <span class='ocrx_word' id='word_1_209' title='bbox 740 2045 796 2075; x_wconf 73' lang='lat' dir='ltr'>vix</span> <span class='ocrx_word' id='word_1_210' title='bbox 812 2044 867 2074; x_wconf 92' lang='lat' dir='ltr'>uid</span> <span class='ocrx_word' id='word_1_211' title='bbox 885 2055 932 2075; x_wconf 89' lang='lat' dir='ltr'>er.</span> <span class='ocrx_word' id='word_1_212' title='bbox 1055 2044 1119 2082; x_wconf 90' lang='lat'>674</span> <span class='ocrx_word' id='word_1_213' title='bbox 1143 2043 1237 2083; x_wconf 78' lang='lat' dir='ltr'>sese]</span> <span class='ocrx_word' id='word_1_214' title='bbox 1256 2053 1293 2073; x_wconf 85' lang='lat' dir='ltr'>se</span> <span class='ocrx_word' id='word_1_215' title='bbox 1313 2042 1449 2074; x_wconf 74' lang='lat' dir='ltr'>Guictus</span> 
     </span>
     <span class='ocr_line' id='line_1_34' title="bbox 112 2086 1444 2128; baseline -0.001 -9"><span class='ocrx_word' id='word_1_216' title='bbox 112 2088 230 2126; x_wconf 80' lang='lat' dir='ltr'>(bacch.</span> <span class='ocrx_word' id='word_1_217' title='bbox 251 2092 394 2126; x_wconf 79' lang='lat' dir='ltr'>tetram.)</span> <span class='ocrx_word' id='word_1_218' title='bbox 497 2087 652 2128; x_wconf 88' lang='lat' dir='ltr'>nostrae]</span> <span class='ocrx_word' id='word_1_219' title='bbox 673 2099 735 2119; x_wconf 86' lang='lat' dir='ltr'>nos</span> <span class='ocrx_word' id='word_1_220' title='bbox 755 2089 797 2126; x_wconf 71' lang='lat'>(2)</span> <span class='ocrx_word' id='word_1_221' title='bbox 815 2088 881 2119; x_wconf 85' lang='lat' dir='ltr'>Leo</span> <span class='ocrx_word' id='word_1_222' title='bbox 970 2089 1034 2126; x_wconf 87' lang='lat'>675</span> <span class='ocrx_word' id='word_1_223' title='bbox 1059 2093 1110 2118; x_wconf 87' lang='lat' dir='ltr'>est</span> <span class='ocrx_word' id='word_1_224' title='bbox 1129 2087 1244 2117; x_wconf 87' lang='lat' dir='ltr'>moriri</span> <span class='ocrx_word' id='word_1_225' title='bbox 1259 2086 1323 2117; x_wconf 83' lang='lat' dir='ltr'>cod.</span> <span class='ocrx_word' id='word_1_226' title='bbox 1343 2098 1350 2117; x_wconf 75' lang='grc' dir='ltr'><strong><em>ι</em></strong></span> <span class='ocrx_word' id='word_1_227' title='bbox 1373 2088 1444 2118; x_wconf 80' lang='lat' dir='ltr'>lrat&#39;.</span> 
     </span>
     <span class='ocr_line' id='line_1_35' title="bbox 110 2130 1448 2172; baseline -0.001 -10"><span class='ocrx_word' id='word_1_228' title='bbox 110 2132 192 2162; x_wconf 73' lang='lat' dir='ltr'>Reiz</span> <span class='ocrx_word' id='word_1_229' title='bbox 210 2144 216 2163; x_wconf 92' lang='lat'>:</span> <span class='ocrx_word' id='word_1_230' title='bbox 240 2132 291 2163; x_wconf 78' lang='lat' dir='ltr'>vel</span> <span class='ocrx_word' id='word_1_231' title='bbox 305 2132 452 2163; x_wconf 85' lang='lat' dir='ltr'>moririst</span> <span class='ocrx_word' id='word_1_232' title='bbox 577 2133 642 2172; x_wconf 91' lang='lat'>676</span> <span class='ocrx_word' id='word_1_233' title='bbox 666 2132 797 2163; x_wconf 85' lang='lat' dir='ltr'>miseris</span> <span class='ocrx_word' id='word_1_234' title='bbox 814 2131 955 2171; x_wconf 67' lang='lat' dir='ltr'>Byladcs</span> <span class='ocrx_word' id='word_1_235' title='bbox 970 2143 976 2162; x_wconf 80' lang='lat' dir='ltr'><strong><em>z</em></strong></span> <span class='ocrx_word' id='word_1_236' title='bbox 1004 2131 1172 2162; x_wconf 87' lang='lat' dir='ltr'>meiseriis</span> <span class='ocrx_word' id='word_1_237' title='bbox 1188 2130 1254 2162; x_wconf 85' lang='lat' dir='ltr'>cod.</span> <span class='ocrx_word' id='word_1_238' title='bbox 1383 2132 1448 2169; x_wconf 88' lang='lat'>678</span> 
     </span>
    </p>
   </div>
   <div class='ocr_carea' id='block_1_13' title="bbox 108 2173 1447 2436">
    <p class='ocr_par' dir='ltr' id='par_1_16' title="bbox 108 2173 1447 2436">
     <span class='ocr_line' id='line_1_36' title="bbox 110 2173 1447 2218; baseline -0.001 -12"><span class='ocrx_word' id='word_1_239' title='bbox 110 2179 167 2206; x_wconf 75' lang='lat' dir='ltr'>vix</span> <span class='ocrx_word' id='word_1_240' title='bbox 192 2174 281 2218; x_wconf 82' lang='lat' dir='ltr'>(oh)</span> <span class='ocrx_word' id='word_1_241' title='bbox 309 2176 385 2215; x_wconf 86' lang='lat' dir='ltr'>quis</span> <span class='ocrx_word' id='word_1_242' title='bbox 410 2180 471 2213; x_wconf 86' lang='lat' dir='ltr'>est,</span> <span class='ocrx_word' id='word_1_243' title='bbox 495 2179 533 2206; x_wconf 78' lang='lat' dir='ltr'>ut</span> <span class='ocrx_word' id='word_1_244' title='bbox 554 2176 676 2217; x_wconf 77' lang='lat' dir='ltr'>integer</span> <span class='ocrx_word' id='word_1_245' title='bbox 701 2176 993 2215; x_wconf 69' lang='lat' dir='ltr'>tetrameterfiat:</span> <span class='ocrx_word' id='word_1_246' title='bbox 1026 2175 1103 2214; x_wconf 83' lang='lat' dir='ltr'>quis</span> <span class='ocrx_word' id='word_1_247' title='bbox 1129 2173 1202 2217; x_wconf 87' lang='lat' dir='ltr'>(is)</span> <span class='ocrx_word' id='word_1_248' title='bbox 1232 2179 1283 2205; x_wconf 85' lang='lat' dir='ltr'>est</span> <span class='ocrx_word' id='word_1_249' title='bbox 1311 2174 1350 2213; x_wconf 68' lang='lat'>(2)</span> <span class='ocrx_word' id='word_1_250' title='bbox 1381 2173 1447 2204; x_wconf 77' lang='lat' dir='ltr'>Leo</span> 
     </span>
     <span class='ocr_line' id='line_1_37' title="bbox 110 2218 1446 2260; baseline -0.001 -11"><span class='ocrx_word' id='word_1_251' title='bbox 110 2220 175 2259; x_wconf 90' lang='lat'>679</span> <span class='ocrx_word' id='word_1_252' title='bbox 199 2230 364 2260; x_wconf 83' lang='lat' dir='ltr'>respexes</span> <span class='ocrx_word' id='word_1_253' title='bbox 381 2219 447 2251; x_wconf 82' lang='lat' dir='ltr'>cod.</span> <span class='ocrx_word' id='word_1_254' title='bbox 539 2220 605 2250; x_wconf 86' lang='lat'>682</span> <span class='ocrx_word' id='word_1_255' title='bbox 629 2220 726 2250; x_wconf 87' lang='lat' dir='ltr'>dictis</span> <span class='ocrx_word' id='word_1_256' title='bbox 743 2219 904 2259; x_wconf 65' lang='lat' dir='ltr'>vaades:</span> <span class='ocrx_word' id='word_1_257' title='bbox 930 2220 1038 2250; x_wconf 80' lang='lat' dir='ltr'>dictus</span> <span class='ocrx_word' id='word_1_258' title='bbox 1055 2218 1121 2250; x_wconf 84' lang='lat' dir='ltr'>cod.</span> <span class='ocrx_word' id='word_1_259' title='bbox 1210 2220 1275 2257; x_wconf 84' lang='lat'>683</span> <span class='ocrx_word' id='word_1_260' title='bbox 1298 2218 1446 2257; x_wconf 85' lang='lat' dir='ltr'>praesidi</span> 
     </span>
     <span class='ocr_line' id='line_1_38' title="bbox 110 2263 1444 2303; baseline -0.001 -10"><span class='ocrx_word' id='word_1_261' title='bbox 110 2263 284 2294; x_wconf 76' lang='lat' dir='ltr'>Fleckeisen</span> <span class='ocrx_word' id='word_1_262' title='bbox 399 2265 462 2302; x_wconf 83' lang='lat'>684</span> <span class='ocrx_word' id='word_1_263' title='bbox 488 2274 562 2303; x_wconf 84' lang='lat' dir='ltr'>sqq.</span> <span class='ocrx_word' id='word_1_264' title='bbox 582 2263 683 2294; x_wconf 76' lang='lat' dir='ltr'>medii</span> <span class='ocrx_word' id='word_1_265' title='bbox 693 2274 806 2293; x_wconf 73' lang='lat' dir='ltr'>versus</span> <span class='ocrx_word' id='word_1_266' title='bbox 824 2263 988 2299; x_wconf 77' lang='lat' dir='ltr'>nml1&#39;lalt&#39;;</span> <span class='ocrx_word' id='word_1_267' title='bbox 1014 2263 1131 2293; x_wconf 76' lang='lat' dir='ltr'>lacuna</span> <span class='ocrx_word' id='word_1_268' title='bbox 1149 2263 1182 2292; x_wconf 73' lang='lat' dir='ltr'>in</span> <span class='ocrx_word' id='word_1_269' title='bbox 1199 2263 1265 2294; x_wconf 77' lang='lat' dir='ltr'>cod.</span> <span class='ocrx_word' id='word_1_270' title='bbox 1381 2263 1444 2300; x_wconf 88' lang='lat'>684</span> 
     </span>
     <span class='ocr_line' id='line_1_39' title="bbox 111 2305 1443 2347; baseline -0.002 -10"><span class='ocrx_word' id='word_1_271' title='bbox 111 2308 266 2338; x_wconf 86' lang='lat' dir='ltr'>moreirei</span> <span class='ocrx_word' id='word_1_272' title='bbox 285 2307 350 2338; x_wconf 85' lang='lat' dir='ltr'>cod.</span> <span class='ocrx_word' id='word_1_273' title='bbox 373 2308 669 2347; x_wconf 75' lang='lat' dir='ltr'>(antiquasornw)</span> <span class='ocrx_word' id='word_1_274' title='bbox 759 2308 893 2338; x_wconf 80' lang='lat' dir='ltr'>saeuire</span> <span class='ocrx_word' id='word_1_275' title='bbox 910 2307 1017 2347; x_wconf 83' lang='lat' dir='ltr'>suppl.</span> <span class='ocrx_word' id='word_1_276' title='bbox 1032 2305 1158 2337; x_wconf 75' lang='lat' dir='ltr'>Sclzoell</span> <span class='ocrx_word' id='word_1_277' title='bbox 1255 2307 1319 2344; x_wconf 84' lang='lat'>685</span> <span class='ocrx_word' id='word_1_278' title='bbox 1343 2316 1443 2344; x_wconf 87' lang='lat' dir='ltr'>quom</span> 
     </span>
     <span class='ocr_line' id='line_1_40' title="bbox 110 2348 1444 2392; baseline -0.001 -12"><span class='ocrx_word' id='word_1_279' title='bbox 110 2352 205 2382; x_wconf 88' lang='lat' dir='ltr'>uenit</span> <span class='ocrx_word' id='word_1_280' title='bbox 230 2352 334 2392; x_wconf 70' lang='lat' dir='ltr'>suppl.</span> <span class='ocrx_word' id='word_1_281' title='bbox 359 2351 535 2382; x_wconf 59' lang='lat' dir='ltr'>Fleckeisen</span> <span class='ocrx_word' id='word_1_282' title='bbox 560 2355 634 2390; x_wconf 71' lang='lat' dir='ltr'>post</span> <span class='ocrx_word' id='word_1_283' title='bbox 662 2351 893 2381; x_wconf 58' lang='lat' dir='ltr'>Cannu-arium</span> <span class='ocrx_word' id='word_1_284' title='bbox 1069 2351 1135 2380; x_wconf 91' lang='lat'>686</span> <span class='ocrx_word' id='word_1_285' title='bbox 1158 2349 1209 2380; x_wconf 71' lang='lat' dir='ltr'>vel</span> <span class='ocrx_word' id='word_1_286' title='bbox 1229 2350 1292 2380; x_wconf 79' lang='lat' dir='ltr'>TR.</span> <span class='ocrx_word' id='word_1_287' title='bbox 1322 2348 1444 2388; x_wconf 86' lang='lat' dir='ltr'>edepol</span> 
     </span>
     <span class='ocr_line' id='line_1_41' title="bbox 108 2394 1443 2436; baseline 0 -13"><span class='ocrx_word' id='word_1_288' title='bbox 108 2394 172 2433; x_wconf 86' lang='lat'>687</span> <span class='ocrx_word' id='word_1_289' title='bbox 199 2395 282 2425; x_wconf 81' lang='lat' dir='ltr'>istec</span> <span class='ocrx_word' id='word_1_290' title='bbox 310 2395 376 2425; x_wconf 83' lang='lat' dir='ltr'>cod.</span> <span class='ocrx_word' id='word_1_291' title='bbox 398 2400 434 2425; x_wconf 83' lang='lat' dir='ltr'>ut</span> <span class='ocrx_word' id='word_1_292' title='bbox 450 2395 513 2426; x_wconf 80' lang='lat' dir='ltr'>w&#39;d.</span> <span class='ocrx_word' id='word_1_293' title='bbox 536 2396 585 2436; x_wconf 76' lang='lat' dir='ltr'>(cf</span> <span class='ocrx_word' id='word_1_294' title='bbox 605 2405 633 2425; x_wconf 77' lang='lat' dir='ltr'>v.</span> <span class='ocrx_word' id='word_1_295' title='bbox 653 2396 733 2427; x_wconf 53' lang='lat'><strong>6885</strong></span> <span class='ocrx_word' id='word_1_296' title='bbox 754 2396 836 2425; x_wconf 75' lang='lat' dir='ltr'>(nisi</span> <span class='ocrx_word' id='word_1_297' title='bbox 856 2394 987 2434; x_wconf 82' lang='lat' dir='ltr'>quidem</span> <span class='ocrx_word' id='word_1_298' title='bbox 1012 2395 1102 2425; x_wconf 87' lang='lat' dir='ltr'>unde</span> <span class='ocrx_word' id='word_1_299' title='bbox 1126 2394 1256 2424; x_wconf 82' lang='lat' dir='ltr'>animus</span> <span class='ocrx_word' id='word_1_300' title='bbox 1281 2394 1349 2423; x_wconf 73' lang='lat' dir='ltr'>sinc</span> <span class='ocrx_word' id='word_1_301' title='bbox 1367 2399 1443 2434; x_wconf 82' lang='lat' dir='ltr'>pro-</span> 
     </span>
    </p>
   </div>
   <div class='ocr_carea' id='block_1_14' title="bbox 110 2438 1146 2479">
    <p class='ocr_par' dir='ltr' id='par_1_17' title="bbox 110 2438 1146 2479">
     <span class='ocr_line' id='line_1_42' title="bbox 110 2438 1146 2479; baseline 0.001 -12"><span class='ocrx_word' id='word_1_302' title='bbox 110 2439 242 2468; x_wconf 71' lang='lat' dir='ltr'>nomine</span> <span class='ocrx_word' id='word_1_303' title='bbox 256 2439 402 2469; x_wconf 71' lang='lat' dir='ltr'>exhibui!</span> <span class='ocrx_word' id='word_1_304' title='bbox 416 2438 497 2479; x_wconf 74' lang='lat' dir='ltr'>cod.)</span> <span class='ocrx_word' id='word_1_305' title='bbox 590 2440 645 2469; x_wconf 66' lang='lat' dir='ltr'>vix</span> <span class='ocrx_word' id='word_1_306' title='bbox 661 2448 738 2468; x_wconf 87' lang='lat' dir='ltr'>nam</span> <span class='ocrx_word' id='word_1_307' title='bbox 756 2448 899 2478; x_wconf 86' lang='lat' dir='ltr'>opsecro</span> <span class='ocrx_word' id='word_1_308' title='bbox 917 2439 1007 2469; x_wconf 74' lang='lat' dir='ltr'>sindo</span> <span class='ocrx_word' id='word_1_309' title='bbox 1027 2439 1101 2468; x_wconf 82' lang='lat' dir='ltr'>istic</span> <span class='ocrx_word' id='word_1_310' title='bbox 1118 2448 1146 2468; x_wconf 87' lang='lat' dir='ltr'>a.</span> 
     </span>
    </p>
   </div>
   <div class='ocr_carea' id='block_1_15' title="bbox 155 2492 1354 2524">
    <p class='ocr_par' dir='ltr' id='par_1_18' title="bbox 155 2492 1354 2524">
     <span class='ocr_line' id='line_1_43' title="bbox 155 2492 1354 2524; baseline 0 -1"><span class='ocrx_word' id='word_1_311' title='bbox 155 2502 272 2524; x_wconf 69' lang='lat' dir='ltr'>PLAVT.</span> <span class='ocrx_word' id='word_1_312' title='bbox 294 2502 317 2522; x_wconf 86' lang='lat'>11</span> <span class='ocrx_word' id='word_1_313' title='bbox 1312 2492 1354 2523; x_wconf 81' lang='lat'>23</span> 
     </span>
    </p>
   </div>
  </div>
 </body>
</html>
