1747 2740
140 146 217 185 III.
241 147 269 184 ii
649 150 696 186 T.
731 147 911 186 MACCI
944 146 1149 184 PLAVTI

177 401 220 430 80

180 1255 224 1287 90

186 1644 228 1676 95

169 1971 228 1993 100

293 258 404 309 quasi
426 259 619 309 flagitator
639 267 739 297 astat
760 271 886 308 usque
906 258 957 296 ad
978 256 1135 303 ostium,

292 338 366 363 nec
388 325 439 362 mi
461 325 601 363 umbra
622 325 685 362 hic
707 331 912 374 usquamst
934 322 1007 360 nisi
1028 322 1059 360 si
1080 322 1120 360 in
1141 329 1262 373 puteo
1283 320 1543 371 quaepiamst.

291 391 368 427 ΤΚ.
388 391 509 440 quid?
554 389 760 427 Sarsinatis
774 403 900 439 ecqua
913 397 982 436 est,
1001 388 1031 425 si
1053 387 1245 425 Vmbram
1267 401 1348 425 non
1371 386 1523 425 habes?
1596 399 1666 433 770

294 456 347 492 S1.
381 455 569 492 molestus
591 467 640 491 ne
661 453 723 491 sis.
784 454 882 491 haec
903 460 994 490 sunt
1015 452 1115 490 sicut
1136 452 1332 502 praedico.

292 520 369 556 ΤΚ.
401 526 440 556 at
462 526 593 557 tamen
614 518 808 568 inspicere
830 519 922 556 uolt.
983 519 1037 555 Sl.
1069 517 1262 568 inspiciat,
1285 517 1316 555 si
1338 517 1474 565 lubet3

292 583 323 621 si
344 583 440 633 quid
462 583 531 621 erit
553 584 662 633 quod
683 582 736 621 illi
757 584 920 633 placeat,
944 583 994 621 de
1015 584 1197 632 exemplo
1218 596 1308 620 meo

293 648 376 700 ipse
414 649 633 688 aedificato.
708 650 784 687 TR.
831 662 919 696 eon,
960 662 1063 686 uoco
1103 649 1181 686 huc
1219 647 1455 687 hominem?
1523 649 1576 687 S1.

1418 713 1441 761 i,
1465 727 1565 752 uoca

294 845 370 881 TR.
403 843 672 882 Alexaindrum
695 855 882 893 magnum
903 849 1022 892 atque
1038 842 1301 892 Agathoclem
1317 841 1428 880 aiunt
1448 854 1580 879 maxu-
1599 852 1665 888 775

1496 919 1581 945 mas

294 974 375 1012 duo
396 973 456 1012 res
476 973 665 1024 gessisse:
697 972 794 1023 quid
815 971 912 1010 mihi
934 973 1000 1010 fiet
1021 971 1149 1019 tertio,

295 1038 362 1089 qui
384 1040 490 1077 solus
512 1038 613 1077 facio
635 1038 810 1076 facinora
832 1036 1084 1076 inmortalia?

296 1104 405 1142 uehit
427 1104 490 1142 hic
511 1104 687 1152 clitellas,
709 1103 819 1142 uehit
840 1102 905 1141 hic
925 1110 1058 1141 autem
1079 1103 1176 1141 alter
1196 1115 1326 1141 senex.

296 1169 500 1208 nouicium
522 1169 618 1208 mihi
639 1177 848 1220 quaestum
870 1168 1020 1207 institui
1043 1182 1123 1207 non
1145 1170 1318 1207 malum:

297 1249 389 1273 nam
411 1235 605 1274 muliones
627 1236 755 1273 mulos
777 1233 999 1273 clitellarios
1604 1238 1674 1281 780

297 1302 456 1349 habent,
479 1308 518 1339 at
539 1314 611 1349 ego
633 1301 763 1339 habeo
784 1299 967 1338 homines
988 1299 1222 1338 clitellarios.

298 1366 430 1417 magni
451 1373 542 1404 sunt
562 1365 691 1405 oneris
709 1381 715 1404 :
748 1365 944 1416 quidquid
966 1364 1149 1415 imponas
1170 1365 1333 1404 uehunt.

353 1506 459 1531 nunc
480 1493 586 1530 hunc
608 1493 685 1530 hau
707 1491 789 1530 scio
810 1505 860 1529 an
883 1493 1109 1541 conloquar.
1175 1491 1417 1542 congrediar.

354 1560 452 1597 heus
473 1556 776 1607 Theopropides
795 1559 801 1594 l
860 1558 939 1594 ΤΗ.
973 1557 1065 1595 hem
1088 1557 1175 1606 quis
1197 1556 1261 1594 hic
1283 1557 1462 1596 nominat
1482 1560 1577 1598 me?

355 1625 432 1661 TR.
465 1636 531 1661 ero
552 1624 677 1661 seruo'
699 1622 831 1660 multis
853 1619 982 1661 modis
1004 1623 1116 1661 fidus.
1177 1624 1257 1660 ΤΗ.
1290 1624 1397 1662 unde
1418 1623 1448 1661 is
1462 1625 1480 1662 ’.Ρ
1606 1633 1648 1676 78
1655 1640 1672 1677 5

355 1691 432 1727 TR.
464 1689 574 1738 quod
596 1702 658 1726 me
681 1687 851 1735 miseras,
874 1689 1010 1727 adfero
1032 1701 1151 1727 omne
1172 1688 1436 1739 impetratum.

355 1756 435 1792 ΤΗ.
468 1753 564 1803 quid
586 1753 651 1800 illi,
675 1766 851 1803 opsecro,
876 1761 955 1791 tam
978 1753 1046 1792 diu
1068 1753 1282 1792 destitisti?

355 1822 432 1858 TR.
465 1818 548 1858 seni
570 1832 650 1857 non
669 1826 750 1858 erat
771 1818 906 1865 otium,
931 1818 971 1857 id
992 1832 1079 1858 sum
1101 1819 1313 1870 opperitus.

356 1887 436 1923 ΤΗ.
468 1885 675 1935 antiquom
696 1884 852 1934 optines
874 1886 950 1923 hoc
972 1892 1094 1931 tuom,
1118 1886 1251 1924 tardus
1272 1893 1315 1924 ut
1335 1884 1397 1924 sis.

358 1952 434 1988 TR.
468 1951 564 1988 heus
586 1957 638 1996 tu,
662 1949 693 1988 si
715 1951 824 1988 uoles
846 1949 1012 1989 uerbum
1036 1951 1112 1989 hoc
1133 1950 1314 2000 cogitare,
1607 1967 1676 2004 790

360 2015 475 2054 simul
497 2016 588 2053 flare
609 2014 846 2064 sorbereque
870 2016 946 2053 hau
968 2016 1072 2053 factu
1095 2015 1256 2054 facilest.

297 2123 359 2160 769
384 2121 436 2151 hic
459 2131 525 2150 om.
546 2119 577 2149 P
676 2130 739 2159 770
763 2119 919 2159 arsinatis
936 2119 969 2149 A
1062 2130 1203 2160 ecquam
1221 2119 1254 2150 P
1371 2131 1431 2160 774
1449 2121 1458 2151 i
1475 2131 1541 2152 om.
1564 2120 1594 2151 Ρ

253 2166 315 2205 778
340 2165 392 2195 hic
405 2170 454 2205 pr.
475 2174 538 2195 om.
560 2164 592 2194 P
606 2163 698 2204 (add.
718 2163 780 2199 ΒΞ)
902 2164 961 2201 78ῐ
990 2168 1023 2193 at
1041 2174 1105 2194 om.
1126 2163 1159 2193 P
1282 2165 1342 2203 783
1367 2165 1458 2195 hunc
1475 2175 1541 2196 om.
1561 2164 1594 2194 P

253 2210 313 2246 (iii.
340 2212 371 2243 Ι)
391 2208 482 2247 (add.
503 2206 567 2237 ΒΨ
652 2207 750 2248 [con]
770 2207 854 2238 conl.
876 2206 1078 2237 inm-ccdente
1093 2208 1198 2248 spatio
1214 2208 1247 2238 P
1264 2208 1274 2234 (
1280 2218 1357 2239 corr.
1377 2207 1437 2246 ΒΑ)
1511 2217 1588 2238 con-

253 2252 410 2292 gredibor
432 2251 543 2289 lVeise,
563 2255 598 2281 11!
614 2252 736 2292 integer
751 2250 1004 2289 tc!ranu·!‹·rfiat
1124 2251 1228 2291 784-5
1253 2251 1371 2282 lacuna
1388 2252 1422 2282 in
1438 2251 1491 2282 ΡΑ
1511 2252 1584 2291 &3ss-

253 2307 302 2327 vv.
331 2297 453 2335 goesg)
611 2296 673 2334 784
699 2295 775 2325 hem
799 2293 921 2336 (nam)
946 2293 1064 2334 Bugge
1172 2296 1246 2334 quis
1274 2295 1328 2326 hic
1351 2305 1418 2326 om.
1444 2294 1477 2325 P
1499 2296 1590 2335 (quis

255 2339 330 2371 add.
347 2339 408 2378 3²)
501 2339 562 2379 785
587 2340 728 2369 multum
747 2348 807 2369 suo
827 2338 947 2372 (celcris
962 2338 1103 2368 0»11·.es1·s*=
1121 2337 1258 2372 Pradd.
1278 2338 1390 2370 fidelis
1406 2338 1484 2380 3²),
1504 2338 1591 2369 unde

257 2383 463 2414 multimodis
483 2383 542 2413 (ita
559 2383 609 2422 A)
627 2393 688 2413 suo
708 2383 728 2413 s.
750 2381 877 2412 Ritsclzl
965 2381 1051 2412 fidus
1069 2380 1212 2414 Ritschl:
1239 2382 1326 2413 filius
1343 2383 1375 2413 A
1528 2383 1590 2422 786

255 2427 369 2476 quod]
381 2438 446 2467 quo
464 2426 575 2457 ΑΡῙῙ)
711 2427 771 2465 787
796 2425 845 2456 vel
859 2424 925 2455 illic
946 2426 1005 2463 (ita
1022 2425 1129 2464 codd.)
1267 2427 1329 2465 788
1351 2427 1455 2457 otium
1472 2431 1544 2456 erat
1561 2424 1594 2456 P

258 2474 321 2510 789
344 2481 411 2501 διες
434 2471 460 2500 Α
577 2481 638 2513 700
663 2470 718 2500 2¹1¹>-
733 2470 810 2501 illoc
830 2471 881 2507 [nt
895 2469 1016 2509 integer
1031 2470 1297 2510 tctmmelerfiati
