1747 2740
80 1124 123 1150 10

77 1449 116 1486 15

74 1840 119 1866 20

71 2166 114 2202 25

570 384 1052 434 PROLOGVS

249 532 445 571 Achillem
466 531 681 571 Aristarchi
704 531 800 570 mihi
823 530 1082 570 commentari
1102 531 1237 569 lubet:

251 593 331 633 ind'
354 594 450 632 mihi
471 594 707 645 principium
729 596 896 646 capiam,
919 610 966 635 ex
986 610 1032 636 ea
1053 597 1255 647 tragoedia

252 657 464 707 ‘sileteque
484 665 523 696 et
543 664 670 696 tacete
690 664 809 707 atque
830 656 1008 695 animum
1029 656 1240 705 aduortite,

249 722 384 761 audire
404 722 514 761 iubet
534 736 606 761 uos
628 721 840 772 imperator
855 721 1112 769 '—histricus,

249 788 436 838 bonoque
456 795 498 826 ut
518 787 652 826 animo
674 788 839 826 sedeant
860 787 899 825 in
921 787 1117 826 subselliis
1498 795 1518 828 5

247 860 287 891 et
307 852 373 903 qui
394 852 630 891 essurientes
652 861 689 891 et
711 852 777 903 qui
800 852 918 891 saturi
941 852 1122 892 uenerint
1140 868 1148 892 ;

247 917 315 968 qui
335 917 482 965 edistis,
505 919 630 956 multo
652 917 798 956 fecistis
822 917 1048 968 sapientius,

247 983 315 1034 qui
335 997 416 1022 non
437 983 582 1030 edistis,
607 983 726 1022 saturi
748 984 813 1022 fite
834 983 976 1022 fabulis
992 998 1002 1031 ,·

248 1063 339 1087 nam
361 1048 455 1099 quoi
476 1057 692 1099 paratumst
713 1050 823 1099 quod
843 1049 938 1097 edit,
960 1057 1091 1087 nostra
1111 1049 1233 1099 gratia

248 1114 369 1153 nimia
389 1123 447 1153 est
468 1114 631 1153 stultitia
651 1128 803 1153 sessum
827 1114 1057 1165 inpransum
1079 1114 1273 1153 incedere.
1497 1123 1535 1145 10

249 1183 258 1201 ‘
271 1193 443 1230 exsurge,
467 1193 622 1230 praeco,
644 1181 705 1218 fac
726 1181 876 1230 populo
897 1179 1166 1219 audientiam.²

246 1245 324 1284 iarn
344 1246 499 1284 dudum
520 1252 706 1295 exspecto
727 1244 758 1283 si
780 1252 891 1283 tuom
913 1244 1086 1283 officium
1108 1244 1231 1284 scias:

246 1325 382 1350 exerce
402 1324 544 1349 uocem
565 1322 684 1361 quam
706 1324 776 1360 per
796 1310 978 1360 uiuisque
999 1318 1038 1349 et
1058 1310 1165 1349 colis.

246 1390 339 1415 nam
360 1376 435 1415 nisi
455 1376 656 1423 clamabis,
680 1375 842 1415 taciturn
865 1383 902 1414 te
923 1376 1087 1426 obrepet
1108 1377 1243 1415 fames.

244 1455 316 1493 age
337 1455 443 1480 nunc
464 1441 602 1489 reside,
626 1441 826 1492 duplicem
848 1448 890 1479 ut
911 1442 1135 1480 mercedem
1157 1443 1267 1480 feras.
1495 1451 1534 1484 15

247 1569 256 1586 ‘
270 1566 420 1605 bonum
442 1567 587 1605 facturn
611 1569 765 1612 †esse†‚
790 1565 921 1604 edicta
941 1573 983 1604 ut
1005 1566 1168 1605 seruetis
1189 1567 1301 1605 mea.'

244 1639 418 1671 scortum
439 1633 637 1670 exoletum
658 1644 708 1669 ne
729 1630 817 1681 quis
839 1631 878 1669 in
899 1631 1131 1681 proscaenio

245 1698 391 1744 sedeat,
414 1711 492 1736 neu
513 1696 626 1735 lictor
647 1697 813 1735 uerbum
835 1705 901 1735 aut
924 1697 1055 1747 uirgae
1078 1697 1273 1745 mutuant,

245 1777 323 1802 neu
344 1762 580 1813 dissignator
599 1770 752 1813 praeter
772 1776 816 1800 os
838 1762 1070 1801 obambulet

246 1843 322 1868 neu
343 1842 495 1867 sessum
516 1830 645 1875 ducat,
669 1830 765 1867 dum
787 1828 925 1867 histrio
946 1828 986 1866 in
1008 1842 1151 1868 scaena
1171 1828 1254 1868 siet.
1496 1845 1535 1866 20

243 1893 312 1933 diu
333 1895 402 1944 qui
422 1893 532 1933 domi
552 1893 668 1932 otiosi
688 1893 944 1940 dormierunt,
969 1895 1084 1933 decet

242 1959 377 1998 animo
397 1972 526 2009 aequo
546 1973 652 1998 nunc
673 1967 777 1998 stent
798 1961 861 1998 uel
883 1959 1055 1998 dormire
1076 1967 1307 2010 temperent.

243 2024 344 2063 serui
367 2038 416 2063 ne
437 2024 656 2075 opsideant‚
679 2025 811 2064 liberis
833 2033 875 2064 ut
897 2025 945 2064 sit
966 2026 1088 2071 locus,

242 2091 306 2129 uel
326 2104 392 2129 aes
413 2104 483 2141 pro
504 2090 631 2140 capite
650 2092 772 2138 dent,
801 2090 831 2129 si
854 2091 893 2130 id
915 2092 1042 2130 facere
1063 2105 1143 2129 non
1166 2099 1331 2141 queunt,

242 2157 407 2195 domum
429 2157 583 2202 abeant,
606 2156 732 2195 nitent
752 2156 911 2207 ancipiti
935 2157 1160 2204 infortunio,
1492 2174 1530 2205 ²5

243 2235 294 2261 nc
313 2230 351 2260 ct
372 2221 436 2260 bic
458 2221 655 2260 uarientur
675 2222 792 2272 uirgis
813 2231 851 2261 ct
873 2223 964 2261 loris
985 2222 1106 2269 domi,

585 2337 604 2366 5
629 2328 770 2357 sedeant
785 2327 875 2358 ltal.:
900 2328 1040 2358 sedeate
1061 2327 1142 2360 cod..
1163 2327 1255 2367 quod
1270 2331 1306 2357 ut
1320 2328 1470 2358 sedeatis

131 2370 387 2412 iulet-prdanlm‘
417 2371 454 2407 cs.
474 2370 521 2400 ad
537 2370 633 2401 Most.
655 2372 735 2408 468)
892 2373 912 2400 6
937 2372 1129 2402 esurientes
1147 2371 1220 2402 Ital.
1241 2384 1247 2402 :
1272 2371 1470 2412 esuplentcs

131 2414 197 2445 cod.
224 2414 296 2455 (PL
316 2421 378 2455 pro
403 2415 468 2454 RI)
566 2424 601 2453 ¹3
625 2425 690 2453 qua
719 2414 749 2444 T
828 2414 911 2445 colis
937 2415 1097 2455 ‹ltlepliz-cl:
1122 2420 1155 2445 te
1179 2415 1241 2446 alis
1266 2415 1352 2446 Leo:
1378 2415 1470 2446 uales

134 2457 268 2498 Geppert
282 2470 288 2489 z
302 2459 385 2498 sort.
415 2458 509 2488 clues
685 2460 723 2488 16
747 2458 902 2489 factumst
914 2458 1072 2498 I-{vladeae
1097 2459 1289 2489 intercidas-sc
1304 2459 1468 2498 quaedam

132 2502 226 2533 credit
244 2502 328 2533 Leo:
353 2503 408 2534 vix
425 2503 528 2532 hacce
621 2512 658 2540 17
683 2501 774 2542 quis]
793 2503 882 2541 quod
900 2501 973 2533 Ital.
1067 2513 1107 2542 24
1132 2508 1256 2542 queant
1275 2503 1413 2543 Scjiffvw
