1747 2740
649 116 1062 156 TRVCVLENTVS
1455 121 1514 158 IV
1542 119 1559 156 ,³

185 239 274 267 mea
288 227 396 268 dona
411 229 594 267 deamata
609 236 852 280 acceptaque
868 228 1003 267 habita
1019 243 1105 268 esse
1120 231 1228 280 apud
1244 231 1504 273 Phronesium
1519 246 1527 278 ·,
1545 249 1563 280 5

184 306 307 344 quom
329 295 406 333 hoc
426 293 504 332 iarn
529 295 652 344 uolup
673 302 741 342 est,
765 302 849 333 tum
877 294 969 333 illuc
996 294 1121 334 nimio
1149 309 1315 346 magnae
1342 296 1526 335 mellinae

1414 360 1522 409 mihi,

97 435 162 472 705
185 423 318 462 militis
339 423 478 463 odiosa
498 423 727 474 ingrataque
747 423 892 463 habita.
952 431 1058 463 totus
1078 426 1245 476 gaudeo.

184 502 272 527 mea
292 488 371 540 pila
391 497 449 528 est
466 504 472 527 :
502 489 534 527 si
554 489 783 539 repudiatur
803 489 926 537 miles,
951 490 1091 529 mulier
1111 504 1267 530 mecum
1289 491 1371 531 erit.

182 555 314 593 saluos
335 568 436 602 sum,
456 553 549 605 quia
568 568 687 605 pereo
702 569 712 602 ς
741 554 773 592 si
794 568 875 593 non
896 568 1066 605 peream,
1090 557 1206 606 plane
1227 556 1451 595 interierim.

182 633 290 658 nunc
310 620 544 670 speculabor
563 620 660 670 quid
680 619 736 658 ibi
755 628 902 670 agatur,
925 620 1013 670 quis
1034 629 1097 659 eat
1117 621 1230 668 intro,
1250 621 1318 672 qui
1338 623 1440 660 foras
1544 637 1584 659 ιο

183 683 340 732 ueniat3
368 686 505 735 procul
525 684 619 723 hinc
639 686 862 735 opseruabo
882 685 981 724 meis
1002 686 1099 736 quid
1120 686 1286 725 fortunis
1306 688 1399 726 fuat.

93 760 165 796 710
183 749 276 800 quia
294 749 349 787 nil
369 750 509 798 habeo,
532 763 625 788 nam
645 750 781 789 amoui
801 750 855 789 mi
876 750 941 790 hic
961 751 1105 800 omnia,
1128 765 1242 802 agam
1263 752 1450 803 precario.

440 864 779 900 ASTAPHIVM
893 864 1262 902 DINIARCHVS
1539 863 1568 900 ii

180 945 249 984 As.
281 943 433 995 Lepide
453 943 629 982 ecficiam
651 957 785 983 meum
815 957 889 995 ego
916 944 1090 983 officium
1111 960 1118 983 :
1156 945 1250 984 uide
1269 944 1375 984 intus
1395 945 1519 985 modo

975 1018 1018 1049 ut
1038 1018 1080 1048 tu
1100 1018 1211 1049 tuom
1232 1009 1328 1049 item
1348 1011 1516 1051 ecficias.

285 1090 385 1124 ama,
408 1076 448 1115 id
468 1077 578 1126 quod
598 1077 724 1123 decet,
748 1089 831 1114 rem
852 1083 961 1115 tuam
978 1092 985 1115 ε
1016 1076 1135 1115 istum
1156 1076 1323 1115 exinani.

233 1156 340 1181 nune
360 1143 456 1181 dum
471 1141 535 1180 isti
551 1140 672 1189 lube‘t,
688 1142 785 1180 dum
802 1142 933 1189 habet,
950 1144 1107 1192 tempus
1123 1142 1159 1181 ei
1175 1142 1230 1181 rei
1246 1144 1515 1190 secundumst,

232 1220 370 1259 prome
389 1214 639 1246 uenustatem
660 1214 770 1245 tuam
791 1207 952 1254 amanti,
975 1215 1018 1245 ut
1037 1208 1208 1258 gaudeat
1229 1220 1351 1258 quom
1373 1208 1515 1258 perdis.

90 1282 156 1319 715
285 1286 359 1323 ego
379 1271 443 1310 hic
462 1271 619 1310 interim
640 1272 808 1310 restitrix
827 1272 1075 1323 praesidebo,
1538 1291 1555 1322 5

285 1337 371 1376 istic
391 1338 487 1376 dum
508 1336 564 1375 sic
584 1336 701 1375 faciat
721 1338 887 1376 domum
908 1339 959 1377 ad
980 1346 1018 1377 te
1039 1351 1253 1389 exagogam
1268 1353 1278 1386 ;

283 1415 357 1441 nec
377 1415 619 1453 quemquam
640 1402 796 1442 interim
817 1403 917 1442 istoc
937 1404 989 1442 ad
1009 1416 1082 1442 uos
1103 1403 1171 1454 qui
1191 1404 1240 1443 sit
1261 1404 1356 1443 odio

282 1467 385 1506 intro
404 1467 558 1506 mittam
577 1483 583 1505 :
613 1475 655 1506 tu
676 1481 794 1519 perge
814 1476 857 1507 ut
877 1469 987 1508 lubet
1007 1470 1104 1508 ludo
1124 1469 1164 1507 in
1185 1469 1295 1508 istoc.

220 1584 283 1614 703
307 1575 441 1605 deamat
456 1574 523 1606 cod.
678 1585 738 1613 704
765 1585 802 1605 es
819 1573 884 1604 cod.
1001 1573 1078 1604 illuc
1099 1573 1185 1605 f—oc‘J
1204 1573 1295 1604 Baclt
1313 1585 1319 1603 :
1356 1574 1420 1605 hoc
1444 1574 1511 1606 cod.

176 1617 314 1648 nimium
331 1616 470 1659 Langen
489 1619 523 1657 (i.
544 1620 579 1658 35
661 1618 746 1657 fort.
765 1623 834 1648 tum
853 1618 916 1648 hoe
939 1617 1080 1647 nimium
1094 1618 1167 1656 vj-io)
1180 1617 1246 1647 iam
1343 1618 1513 1650 meLiniae

176 1661 259 1692 cod.:
277 1672 356 1693 corr.
371 1661 500 1692 Merula
593 1671 655 1702 705
672 1662 784 1693 habita
797 1666 888 1692 totus
899 1661 1032 1701 gaudeo
1045 1660 1118 1692 Ital.
1135 1673 1141 1692 :
1159 1661 1308 1692 habitato
1319 1666 1394 1692 tuca
1403 1663 1513 1694 audeo

176 1705 242 1737 cod.
262 1706 273 1743 K
278 1705 305 1736 C
318 1710 380 1745 pro
397 1705 442 1745 G>
602 1708 666 1745 706
689 1706 753 1737 erit
771 1705 846 1736 Ital.
869 1716 875 1735 z
904 1705 971 1745 prit
988 1704 1198 1744 (antecedente
1213 1706 1319 1744 spatio
1334 1705 1424 1745 PCD)
1443 1706 1509 1738 cod.

178 1747 221 1789 (P
235 1754 294 1788 pro
310 1748 354 1787 E)
461 1759 522 1788 707
549 1750 648 1789 pIane
665 1749 776 1790 (Ital.)
795 1748 983 1780 interierim
1008 1747 1127 1779 Weise:
1153 1759 1241 1788 pane
1258 1749 1364 1779 uriem
1383 1749 1512 1787 (ux-ient

174 1792 263 1832 PCD)
281 1792 349 1823 cod.
373 1793 448 1834 (pro
464 1794 585 1832 ᾔει-ἱππ,
614 1794 634 1824 ι’.
651 1805 674 1824 e.
695 1793 898 1832 interierim)
915 1805 922 1824 :
946 1803 978 1833 p.
998 1793 1158 1832 perierim
1177 1792 1310 1831 Goeller,
1325 1793 1407 1831 sort.
1437 1798 1513 1824 recte

176 1846 240 1876 709
263 1837 379 1877 procui
403 1837 490 1868 hunc
509 1837 576 1868 cod.
595 1849 601 1867 :
635 1848 714 1868 corr.
742 1836 872 1867 Merula
977 1837 1062 1867 meis
1084 1835 1281 1868 Acidalius:
1322 1835 1418 1868 miles
1441 1836 1507 1868 cod.

176 1882 272 1920 (3pro
283 1881 389 1919 mieis‚
403 1881 681 1921 antiquasorma)
776 1891 839 1920 710
851 1892 928 1912 nam
943 1881 1055 1912 amoui
1066 1881 1198 1922 scripsi:
1224 1891 1326 1911 unum
1341 1880 1508 1922 a[nimos]

174 1925 264 1955 moui
281 1924 347 1955 cod.
361 1925 422 1959 (iv.
438 1935 477 1964 33
502 1936 531 1956 v.
552 1926 588 1965 8)
679 1925 760 1956 mihi
778 1925 892 1956 omnia
908 1925 982 1956 pet)
1073 1935 1132 1963 711
1159 1935 1270 1955 meum
1291 1923 1503 1956 Gulielmius:

175 1977 249 1999 mea
273 1968 337 1999 cod.
367 1968 402 2007 (a
420 1973 484 2009 pro
508 1971 543 2008 u)
654 1980 720 2009 ego
743 1968 829 2000 Leo:
855 1980 914 2000 ero
939 1968 1005 2000 cod.
1024 1968 1075 2008 (es.
1102 1968 1201 2000 Asin.
1221 1969 1296 2007 456.
1316 1967 1388 1998 Mil.
1410 1970 1509 2008 1353)

163 2013 244 2051 flm‘.
265 2013 343 2043 uide
359 2011 494 2050 delenti„
513 2024 596 2043 nam
614 2014 691 2044 uide
714 2017 804 2044 intus
820 2012 960 2053 displicet
1047 2019 1082 2043 tu
1108 2018 1199 2043 tuom
1219 2011 1349 2042 Merula
1367 2024 1374 2042 :
1400 2017 1506 2042 tutum

172 2055 238 2087 cod.
334 2066 394 2094 712
420 2057 518 2087 istum
537 2056 771 2088 Camerarius:
808 2062 915 2088 estum
943 2056 1008 2087 cod.
1127 2067 1190 2096 713
1215 2057 1293 2086 dum
1321 2056 1398 2087 iusti
1416 2055 1508 2087 iubet

172 2099 238 2130 cod.
255 2111 262 2130 :
287 2110 367 2131 corr.
383 2099 459 2131 Ital.
555 2102 636 2140 sort.
650 2101 682 2131 ei
695 2102 743 2131 rei
759 2100 894 2133 delend..
916 2104 953 2130 ut
964 2100 1067 2131 bacch.
1083 2104 1210 2131 tetram.
1222 2100 1290 2139 fiat
1387 2109 1507 2131 secun-

173 2143 286 2175 dumst
304 2143 456 2184 Geppert:
480 2145 649 2176 secundas
669 2144 734 2176 cod.
758 2146 792 2183 (a
809 2150 872 2185 pro
895 2145 931 2174 u‘.
1068 2154 1130 2183 714
1154 2144 1278 2174 amanti
1297 2149 1387 2174 tuam
1410 2143 1475 2174 cod.
1498 2155 1505 2174 ε

172 2188 246 2218 trai.
265 2187 398 2228 Geppert
466 2189 613 2227 gaudeat
630 2187 786 2220 Mueller:
806 2189 927 2227 gaudia
938 2187 1001 2218 cod.
1073 2188 1190 2227 perdis
1201 2187 1285 2218 Leo:
1310 2187 1424 2227 pereis
1437 2187 1502 2219 cod.

173 2230 272 2262 Nunc
289 2232 367 2261 dum
382 2232 435 2262 isti
453 2231 556 2271 lubet,
575 2233 653 2263 dum
667 2233 777 2267 habet,
792 2236 940 2272 tempust
957 2233 986 2261 ei
1006 2232 1064 2262 rei.
1127 2231 1195 2262 Sed
1216 2234 1369 2262 cunctam
1387 2241 1505 2271 prome

171 2278 385 2306 uentistatem
409 2281 512 2308 tuam.
537 2277 663 2307 amanti
688 2282 723 2306 ut
747 2277 892 2315 gaudeat
917 2278 991 2306 cum
1017 2275 1132 2314 perdis
1151 2277 1191 2313 (ἓξ)
1210 2275 1276 2305 Leo
1440 2285 1503 2314 715

171 2318 306 2350 interim
326 2319 382 2350 hic
405 2319 472 2350 cod.
493 2331 500 2349 :
524 2320 596 2351 trai.
617 2320 722 2350 Bothe
809 2320 987 2350 restitricis
1013 2319 1135 2359 (restiti
1161 2319 1254 2350 tricis
1275 2318 1321 2353 BT>
1341 2317 1407 2349 cod.
1430 2320 1504 2359 spro

171 2363 247 2393 -tris
262 2364 306 2394 32:
333 2374 411 2394 corr.
435 2363 604 2394 Tur-nehus
738 2365 800 2402 716
825 2365 888 2394 iste
906 2362 972 2393 cod.
1100 2373 1160 2401 717
1187 2373 1248 2393 nec
1273 2363 1501 2394 Camerarius:

172 2416 211 2437 ec
227 2406 294 2438 cod.
434 2409 494 2446 718
520 2418 619 2446 perce
638 2413 673 2437 ut
693 2407 781 2438 iubet
799 2407 892 2438 ludin
911 2407 993 2438 istos
1011 2406 1076 2437 cod.
1093 2417 1101 2437 :
1121 2417 1200 2438 corr.
1220 2406 1296 2437 Ital.
