1747 2740
193 106 223 145 Ῑ.
245 108 276 144 ii
635 108 681 145 T.
715 107 897 147 MACCI
930 109 1137 146 PLAVTI

245 221 311 258 D1.
348 232 420 258 uos
449 219 543 257 mihi
571 218 734 258 dedistis
762 218 898 257 otium.
959 221 1027 257 As.
1065 218 1148 270 qui,
1173 219 1348 259 amabo?
1405 221 1472 258 D1.
1508 233 1582 270 ego

1370 284 1577 334 expedibo.

242 364 323 390 rem
344 349 497 401 perdidi
518 350 624 400 zipud
646 363 728 397 uos,
752 362 824 388 uos
846 363 977 388 meum
1001 349 1203 400 negotium
1225 349 1450 400 apstulistis.

241 416 271 455 si
293 430 374 454 rem
396 428 625 462 seruassem,
648 415 720 453 fuit
740 414 807 453 ubi
829 414 1057 465 negotiosus
1078 429 1216 454 essem.
1602 423 1669 458 540

242 483 309 520 As.
343 495 392 519 an
415 488 455 519 tu
477 488 515 519 te
536 480 702 519 Veneris
723 479 928 531 publicum
949 488 1017 518 aut
1037 480 1197 519 Amoris
1217 479 1293 518 alia
1313 481 1398 531 lege

180 556 220 587 45
242 547 387 585 habere
408 560 523 597 posse
545 547 719 596 postulas
741 545 837 596 quin
859 545 1009 585 otiosus
1030 546 1131 584 fias?

243 614 308 651 D1.
355 611 429 659 illa,
462 612 569 650 haud
602 625 689 662 ego,
728 611 868 650 habuit
902 611 1107 662 publicum
1125 626 1131 649 :
1173 624 1358 662 peruorse
1391 610 1578 661 interpre-

1463 675 1580 726 taris3

239 756 331 781 nam
353 743 566 781 aduorsum
589 743 714 792 legem
737 754 866 780 meam
894 741 946 780 ob
969 755 1098 780 meam
1125 741 1358 793 scripturam
1381 743 1578 792 pecudem

1460 807 1575 858 cepit.

237 875 306 912 As.
339 872 516 924 plerique
536 872 642 912 idem
665 873 774 923 quod
796 880 836 910 tu
858 872 953 911 facis
975 872 1125 911 faciunt
1145 872 1199 911 rei
1221 874 1323 911 male
1342 880 1545 923 gerentes:
1600 886 1661 923 145

238 938 306 978 ubi
327 952 408 977 non
429 946 487 977 est
508 938 739 989 scripturam
761 939 868 977 unde
889 939 996 985 dent,
1022 938 1205 976 incusant
1226 937 1471 989 publicanos.

178 1020 219 1051 50
241 1006 306 1042 D1.
339 1005 442 1042 male
462 1003 581 1042 uortit
601 1018 661 1042 res
682 1003 865 1054 pecuaria
886 1003 983 1041 mihi
1004 1005 1111 1053 apud
1134 1017 1204 1042 uos
1223 1019 1229 1042 :
1260 1016 1368 1042 nunc
1388 1002 1562 1043 uicissim

240 1071 332 1108 uolo
353 1069 498 1108 habere
518 1069 802 1107 aratiunculam
824 1082 895 1120 pro
915 1068 1032 1120 copia
1051 1069 1116 1107 hic
1135 1069 1242 1120 apud
1263 1082 1346 1107 uos.

238 1136 306 1173 As.
338 1148 419 1173 non
439 1148 554 1173 aruos
575 1134 651 1182 hic,
674 1136 744 1173 sed
765 1143 951 1185 pascuost
971 1148 1062 1185 ager
1079 1150 1085 1173 :
1116 1134 1147 1174 si
1167 1134 1363 1174 arationes

236 1200 438 1247 habituris,
461 1202 529 1250 qui
548 1201 645 1238 arari
668 1201 807 1247 solent,
834 1201 885 1239 ad
908 1214 1051 1250 pueros
1073 1200 1127 1239 ire
1150 1200 1318 1239 meliust.
1596 1212 1662 1250 150

235 1266 342 1304 hunc
362 1279 436 1304 nos
457 1266 649 1304 habemus
670 1265 887 1316 publicum,
910 1265 965 1304 illi
986 1265 1050 1304 alii
1072 1274 1163 1304 sunt
1184 1264 1396 1316 publicani.

176 1341 215 1374 55
240 1333 305 1369 D1.
338 1338 525 1381 utrosque
546 1330 735 1382 pergnoui
757 1330 891 1381 probe.
942 1333 1011 1369 As.
1045 1345 1107 1370 em
1130 1331 1228 1370 istoc
1249 1332 1315 1382 pol
1337 1338 1378 1369 tu
1399 1329 1574 1379 otiosu’s‚

237 1410 359 1447 quom
391 1403 429 1436 et
455 1396 533 1435 illic
560 1404 598 1435 et
628 1396 691 1435 hic
721 1410 931 1448 peruorsus
953 1410 1004 1435 es.
1065 1397 1135 1436 sed
1162 1395 1351 1436 utriscum
1378 1410 1460 1436 rem
1488 1410 1574 1436 esse

1417 1461 1573 1501 mauis?

236 1529 300 1566 D1.
333 1527 579 1579 procaciores
600 1527 682 1566 esti’
704 1541 787 1575 uos,
810 1528 880 1566 sed
903 1527 956 1565 illi
977 1527 1176 1578 peiiuriosi
1193 1542 1203 1575 ;

234 1593 308 1632 illis
329 1593 427 1644 perit
449 1593 643 1644 quidquid
665 1594 780 1631 datur
800 1606 930 1643 neque
952 1592 1046 1643 ipsis
1066 1600 1228 1643 apparet
1248 1592 1461 1643 quicquam
1479 1607 1486 1631 :
1592 1601 1653 1638 155

236 1672 308 1697 uos
328 1660 465 1697 saltem
488 1658 519 1696 si
540 1658 636 1708 quid
657 1657 854 1708 quaeritis,
879 1648 1063 1697 exhibitis
1084 1666 1121 1697 et
1142 1658 1338 1697 comestis.

175 1729 217 1762 60
236 1732 436 1775 postremo
457 1724 509 1761 illi
530 1732 621 1762 sunt
643 1723 810 1773 inprobi,
834 1736 907 1762 uos
929 1737 1100 1774 nequam
1123 1731 1160 1762 et
1180 1723 1382 1774 gloriosae.

236 1792 303 1828 AS.
337 1791 438 1828 male
459 1802 560 1839 quae
583 1789 621 1827 in
643 1802 715 1827 nos
736 1789 804 1836 ais,
828 1801 874 1827 ea
895 1789 1029 1827 omnia
1050 1789 1120 1828 tibi
1142 1789 1251 1837 dicis,
1277 1789 1502 1836 Diniarche,

282 1896 341 1933 138
366 1894 509 1924 otiosum
528 1894 559 1924 Ρ
646 1892 717 1934 qui]
738 1893 817 1932 quid
839 1892 936 1936 [iam]
953 1892 987 1923 Ρ
1002 1893 1058 1933 (iv.
1074 1894 1108 1933 3⁸1
1247 1903 1308 1933 139
1330 1893 1419 1934 apud
1432 1903 1494 1924 uos
1508 1903 1571 1924 uos

232 1949 298 1969 om.
318 1937 351 1967 Ρ
528 1947 583 1976 141
612 1937 701 1968 bene
730 1947 784 1967 res
809 1936 842 1967 P
867 1937 903 1978 (i.
919 1948 944 1967 c.
974 1937 1133 1978 Veneris)
1315 1947 1375 1975 142
1400 1947 1520 1976 posses
1540 1937 1574 1967 P

232 1993 262 2021 q.
274 1986 308 2012 tu
321 1981 460 2012 otiosius
473 1980 578 2021 (osius
592 1980 636 2017 B)
650 1980 683 2010 Ρ
763 1991 821 2019 144
841 1991 950 2012 meam
965 1980 1093 2011 Sclzoell
1101 1992 1140 2012 ex
1152 1980 1301 2012 Chat-isio
1316 1991 1377 2020 140
1386 1981 1568 2022 (pecudem

222 2026 411 2065 jeringen.)
430 2036 436 2055 :
461 2034 513 2054 me
532 2024 564 2053 A
582 2035 588 2054 :
622 2035 731 2055 amem
750 2024 783 2054 Ρ
797 2025 844 2064 (ii.
866 2025 898 2065 7)
991 2026 1111 2064 accipit
1128 2024 1162 2055 P
1294 2034 1418 2064 145-77
1435 2023 1520 2055 deest
1535 2024 1569 2054 A

235 2079 293 2108 145
321 2069 477 2108 Plerique
502 2067 739 2099 Camerarius:
770 2067 927 2108 Fierique
953 2068 1020 2100 cod.
1131 2068 1282 2107 gerentis
1298 2068 1372 2098 PCD
1509 2069 1569 2107 148

231 2113 327 2152 copia
344 2112 396 2142 hic
415 2111 652 2143 Camerarius:
678 2113 796 2152 copiae
822 2112 862 2142 lic
875 2112 1009 2151 (copiae
1026 2111 1113 2141 ΡΠ)
1134 2112 1200 2143 cod.
1223 2112 1284 2151 4ἰίί,
1304 2122 1334 2151 p.
1355 2111 1412 2151 49)
1507 2121 1569 2151 149

230 2166 351 2195 pascus
369 2162 419 2186 est
437 2166 542 2195 agere
560 2157 587 2185 si
607 2157 756 2186 rationes
769 2155 833 2186 cod.
854 2167 860 2186 :
885 2167 963 2186 corr.
978 2156 1065 2189 Mal..
1083 2155 1179 2186 l'alla
1297 2165 1357 2194 150
1381 2153 1566 2186 habituru's

230 2199 304 2231 Ital.
453 2210 512 2238 152
538 2201 760 2240 percognouit
786 2200 881 2229 trobe
906 2199 970 2229 cod.
991 2212 997 2229 ε
1028 2210 1107 2230 corr.
1127 2199 1269 2239 Spengel
1285 2199 1402 2239 &probe
1420 2198 1565 2238 Aser-ula)

231 2254 282 2274 em
303 2244 436 2284 Geppcrt
453 2256 458 2274 :
494 2244 580 2273 idem
598 2244 664 2275 cod.
765 2253 823 2282 153
848 2254 884 2273 es
903 2243 974 2273 Ital.
992 2255 998 2273 :
1024 2253 1100 2273 esse
1113 2242 1178 2273 cod.
1275 2253 1333 2282 154
1359 2242 1565 2282 periurior-es

230 2287 314 2317 Bmlv
420 2289 481 2326 156
505 2287 651 2317 ctbibitis
668 2286 732 2317 cod.
749 2288 797 2322 (et
810 2293 872 2327 pro
890 2298 932 2316 ex
947 2299 952 2320 ;
970 2298 1000 2319 v.
1016 2297 1047 2326 p.
1064 2288 1141 2325 853:
1157 2286 1239 2325 sort.
1259 2286 1392 2316 ebibitis
1408 2286 1459 2325 (cs.
1475 2285 1522 2316 ad
1534 2295 1563 2317 v.

234 2333 307 2370 ¹71)
421 2341 479 2370 ¹57
508 2341 650 2369 nequam
666 2330 797 2360 Illerula
811 2343 816 2361 1
841 2340 941 2369 quam
961 2330 1025 2360 sod.
1111 2331 1247 2368 gloriosi
1263 2329 1344 2361 cod:
1371 2339 1449 2360 con-¹.
1471 2329 1564 2360 I'alla

234 2376 293 2414 158
310 2375 359 2405 ais
373 2375 507 2415 scripsi:
532 2375 598 2405 illis
615 2378 695 2415 (pro
712 2374 772 2405 aiis
786 2376 808 2415 ἓ)
828 2373 913 2406 aaa:
941 2375 991 2404 uis
1009 2373 1074 2404 Lco
