1747 2740
191 169 238 206 V.
258 169 286 206 ii
677 170 724 207 T.
756 169 937 208 MACCI
969 169 1173 208 PLAVTI

256 283 363 321 solus
394 296 467 333 ego
487 283 673 321 omnibus
702 283 864 322 antideo
885 282 1008 329 facile,
1032 283 1286 322 miserrumus
1313 281 1520 322 hominum
1546 290 1589 322 ut

1440 363 1585 388 umam.

254 413 361 463 perii,
385 413 511 452 interii
530 417 536 452 !
567 427 774 464 pessumus
796 414 859 452 hie
881 414 934 452 mi
955 413 1039 453 dies
1061 414 1180 453 hodie
1202 414 1340 453 inluxit
1360 422 1575 465 corruptor,
1608 419 1739 461 779-80

254 477 307 515 ita
328 492 390 516 me
412 478 565 516 Toxilu'
587 479 863 528 perfabricauit
884 479 1017 529 itaque
1040 493 1167 518 meam
1190 494 1271 518 rem
1293 479 1504 518 diuexauit.

215 555 232 587 5
255 543 454 581 uehiclum
485 543 634 593 argenti
665 544 782 582 miser
812 544 920 591 eieci,
952 544 1076 591 amisi,
1109 558 1238 594 neque
1268 545 1389 595 quam
1423 545 1476 583 ob
1506 557 1587 583 rem

1313 610 1421 657 eieci,
1444 610 1584 648 habeo.

253 673 319 724 qui
350 673 458 712 illum
491 676 650 713 Persam
679 683 798 725 atque
829 675 958 713 omnis
990 677 1125 713 Persas
1155 683 1274 725 atque
1309 675 1427 714 etiam
1457 675 1586 713 omnis

1398 754 1586 791 personas

251 805 352 843 male
373 804 413 844 di
435 819 573 844 omnes
601 807 767 856 perdant
785 809 791 844 ἕ
832 805 884 844 ita
911 805 1054 845 misero
1075 806 1238 845 Toxilus
1259 807 1356 845 haec
1377 805 1474 844 mihi
1495 819 1587 844 con-

1476 879 1581 910 elult.

249 935 342 986 quia
380 936 415 975 ei
450 938 569 976 fidem
606 950 687 976 non
722 937 843 976 habui
877 939 1040 988 argenti,
1070 951 1118 976 eo
1150 937 1246 976 mihi
1281 951 1346 977 eas
1381 937 1584 976 machinas
1604 945 1670 989 785

1382 1003 1583 1042 molitust:

250 1082 369 1119 quem
391 1071 457 1119 pol
479 1083 551 1119 ego
568 1077 609 1108 ut
631 1082 711 1107 non
728 1069 767 1107 in
784 1069 1000 1108 cruciatum
1017 1077 1136 1120 atque
1152 1069 1191 1107 in
1208 1069 1414 1119 compedis
1430 1082 1580 1120 cogam,

1372 1134 1403 1172 si
1425 1133 1557 1172 uiuam
1575 1136 1582 1172 !

194 1215 229 1236 ιο
250 1199 448 1249 siquidem
470 1202 548 1239 huc
575 1213 765 1250 umquam
794 1202 873 1238 eru'
894 1200 1051 1239 redierit
1078 1199 1186 1247 eiius,
1210 1201 1319 1250 quod
1340 1200 1582 1250 spero—sed

1193 1265 1290 1315 quid
1310 1277 1384 1315 ego
1403 1263 1583 1314 aspicio?

248 1331 324 1368 hoc
358 1330 461 1378 uide,
498 1344 600 1380 quae
635 1332 732 1369 haec
772 1331 971 1369 fabulast?
1027 1332 1093 1382 pol
1129 1330 1193 1368 hic
1233 1330 1394 1380 quidem
1430 1336 1579 1379 potant.

1083 1396 1299 1447 adgrediar.
1337 1409 1361 1434 o
1383 1396 1488 1434 bone
1508 1394 1578 1442 uir,

955 1463 1030 1499 To.
1066 1462 1264 1500 Dordalus
1299 1461 1734 1511 hicquidemst.h789-90

247 1462 409 1508 saluom,
446 1469 484 1499 et
519 1469 571 1509 tu,
609 1463 714 1500 bona
748 1461 895 1499 liberta.

1103 1528 1196 1565 SAG.
1229 1526 1325 1576 quin
1347 1526 1439 1565 iube
1458 1526 1578 1565 adire.

245 1592 320 1630 TO.
349 1591 426 1640 adi,
450 1592 481 1631 si
502 1593 620 1631 lubet.
682 1595 774 1631 SAG.
803 1592 917 1643 agite,
939 1593 1242 1642 adplaudamus.
1292 1594 1367 1630 To.
1393 1593 1578 1638 Dordale‚

1024 1659 1146 1697 homo
1168 1657 1434 1708 lepidissume‚
1459 1658 1577 1696 salue.

353 1724 463 1762 locus
484 1723 547 1761 hic
569 1731 658 1762 tuos
678 1731 751 1771 est,
766 1723 829 1762 hic
849 1723 1053 1762 accumbo.
1115 1725 1210 1762 ferte
1231 1736 1375 1773 aquarn
1396 1722 1576 1773 pedibus.

1175 1789 1348 1839 praeben
1369 1795 1410 1826 tu
1431 1789 1580 1838 puere?

187 1871 224 1903 15
247 1854 323 1892 Do.
357 1867 406 1892 ne
427 1854 478 1892 sis
507 1868 569 1893 me
597 1867 677 1893 uno
704 1854 828 1905 digito
854 1854 1036 1904 attigeris,
1060 1868 1110 1893 ne
1131 1861 1169 1893 te
1189 1855 1240 1893 ad
1262 1862 1414 1900 terram,
1438 1855 1576 1898 scelus,

1380 1919 1576 1970 adfligam.

353 1986 422 2023 ΡΑ.
453 1992 492 2024 at
513 1985 583 2023 tibi
609 1998 682 2035 ego
706 1986 782 2023 hoc
809 1984 1001 2023 continuo
1028 1987 1172 2036 cyatho
1199 1986 1360 2024 oculum
1382 1984 1577 2023 excutiam

1452 2058 1573 2088 tuom.

245 2117 321 2155 Do.
354 2115 450 2166 quid
479 2115 546 2163 ais,
571 2129 674 2163 crux,
697 2115 944 2154 stimulorum
973 2115 1111 2154 tritor?
1145 2116 1350 2166 quomodo
1373 2129 1435 2154 me
1456 2115 1576 2154 hodie
1597 2123 1661 2161 793

1353 2180 1573 2228 uorsauisti,

287 2287 349 2326 778
374 2287 557 2316 homonum
575 2285 639 2317 cod.
661 2285 731 2319 (vix
746 2284 884 2324 antiqua
892 2284 1025 2323 sonum
1128 2286 1188 2324 782
1213 2285 1308 2315 amisi
1325 2283 1384 2314 dcl.
1405 2283 1577 2314 Aa'dalius

245 2331 308 2369 788
331 2330 384 2361 hic
401 2331 536 2369 quidem
554 2330 609 2369 pol
628 2329 766 2359 Mueller
897 2328 970 2366 789,
990 2339 1051 2367 790
1074 2327 1153 2369 T0.]
1176 2329 1232 2359 LE.
1257 2328 1381 2368 Ussing
1513 2338 1575 2366 792

243 2374 367 2405 accuba
385 2373 426 2413 (2)
445 2372 512 2404 Lro
601 2373 651 2404 ser
670 2382 790 2411 aquam
812 2372 964 2411 pedibus,
984 2372 1144 2411 praeben,
1164 2382 1268 2411 puere
1287 2371 1421 2402 Gmktus
1439 2371 1573 2411 ιάηαρ.)

242 2428 323 2448 sane
351 2419 471 2457 aquam
501 2427 532 2456 p.
568 2416 731 2456 displiceat
842 2415 890 2445 vel
917 2415 976 2445 Pa.
1007 2425 1056 2455 pr.
1087 2421 1121 2445 tu
1150 2421 1205 2456 (sc.
1234 2415 1382 2456 pedes)3
1419 2414 1484 2445 Do.
1514 2423 1573 2454 pu.

244 2471 305 2502 794
331 2471 395 2500 ego
413 2461 472 2491 tibi
490 2459 564 2491 PCD
