1747 2740
210 184 242 222 Ι.
265 184 295 221 ii
688 185 734 222 T.
771 184 952 224 MACCI
986 184 1194 222 PLAVTI

266 297 332 334 D1.
365 295 448 334 redi
479 294 574 333 ue'ro
603 302 793 333 actutum.
865 308 938 345 ego
966 293 1122 334 interim
1147 294 1212 334 hic
1235 295 1344 346 apud
1363 309 1436 334 uos
1457 294 1608 347 opperi-

1441 361 1523 401 bor.
1556 385 1608 390 ——

752 501 1014 548 ACTVS
1069 501 1122 548 II

151 601 244 640 II.i
768 603 1107 639 ASTAPHJVM

528 690 725 728 Hahahae
745 691 751 726 1
782 688 969 739 requieui,

426 755 519 806 quia
539 755 640 793 intro
661 755 745 793 abit
765 754 902 794 odium
925 768 1069 793 meum.
1626 767 1696 794 210

372 822 535 860 tandem
557 822 640 859 sola
660 834 758 858 sum.
819 833 926 858 nunc
947 819 1110 870 quidem
1131 833 1222 859 meo
1241 820 1429 859 arbitratu

371 889 510 937 loquar
530 886 650 924 libere
672 899 774 936 quae
794 887 927 924 uolam
948 893 987 924 et
1008 899 1110 936 quae
1131 885 1294 925 lubebit.

225 969 242 1001 5
263 952 356 992 huic
384 951 536 992 homini
565 950 713 990 amanti
742 965 829 990 mea
853 965 918 990 era
946 952 1054 1003 apud
1085 965 1157 990 nos
1185 950 1367 990 naeniam
1396 950 1492 990 dixit
1521 949 1606 1004 [de]

1477 1016 1603 1064 bonis,

264 1099 356 1124 nam
378 1084 491 1124 fundi
512 1091 550 1123 et
571 1084 690 1122 aedes
711 1083 908 1134 obligatae
929 1090 1021 1122 sunt
1041 1082 1095 1122 ob
1116 1081 1274 1122 Amoris
1295 1082 1514 1133 praedium.

264 1164 402 1190 uerum
436 1151 544 1201 apud
574 1151 680 1188 hunc
711 1162 800 1188 mea
829 1162 894 1188 era
923 1162 994 1187 sua
1023 1147 1189 1188 consilia
1219 1161 1376 1187 summa
1409 1147 1606 1199 eloquitur
1625 1161 1692 1198 215

1472 1213 1605 1262 libere,

264 1282 459 1333 magi'que
479 1282 581 1321 adeo
603 1281 638 1320 ei
661 1280 906 1320 consiliarius
928 1279 992 1319 hic
1013 1279 1182 1319 amicust
1203 1293 1323 1331 quam
1343 1279 1580 1319 auxiliarius.

317 1349 415 1388 dum
445 1347 526 1394 fuit,
559 1345 694 1394 dedit3
736 1359 842 1384 nune
872 1344 970 1383 nihil
1004 1345 1148 1385 habet:
1192 1346 1302 1397 quod
1333 1345 1506 1384 habebat
1535 1359 1608 1385 nos

1400 1411 1606 1459 habemus,

209 1499 248 1522 10
321 1478 394 1519 iste
425 1478 465 1518 id
497 1479 617 1516 habet
648 1479 757 1528 quod
797 1484 869 1515 nos
904 1476 1127 1516 habuimus.
1201 1478 1422 1516 humanum
1456 1476 1608 1516 facinus

1409 1544 1606 1582 factumst.

318 1618 495 1650 actutum
518 1612 697 1648 fortunae
718 1610 845 1647 solent
868 1608 1021 1657 mutari,
1044 1608 1151 1648 uaria
1172 1609 1313 1648 uitast:

319 1691 392 1717 nos
413 1677 579 1716 diuitem
600 1676 718 1715 istum
740 1675 995 1715 meminimus
1015 1684 1135 1726 atque
1156 1675 1228 1714 iste
1249 1689 1440 1727 pauperes
1462 1690 1534 1715 nos
1553 1691 1560 1715 ε
1624 1690 1694 1716 220

321 1751 524 1782 uorterunt
545 1756 630 1781 sese
652 1741 864 1780 memoriae
882 1757 892 1790 3
921 1743 1064 1780 stultus
1084 1741 1131 1780 sit
1153 1741 1220 1792 qui
1242 1741 1281 1780 id
1304 1741 1474 1781 miretur.

322 1808 353 1847 si
374 1816 472 1859 eget,
491 1816 689 1847 necessest
711 1822 783 1847 nos
805 1809 886 1859 pati
902 1824 909 1847 ε
940 1807 1100 1856 amauit,
1118 1821 1289 1858 aequom
1311 1807 1345 1847 ei
1367 1809 1514 1846 factum
1536 1815 1607 1847 est.

312 1915 375 1945 208
400 1914 481 1944 rede
502 1913 534 1944 Ρ
550 1914 622 1954 {pto
639 1913 707 1944 -dei
722 1914 747 1945 123
806 1913 875 1954 hic]
895 1918 929 1944 te
946 1913 979 1944 P
1031 1911 1257 1954 apperiborP
1366 1922 1431 1953 209
1454 1911 1606 1943 hahahae

268 1957 419 1997 requieui
440 1957 673 1988 Cameram'ns:
698 1958 740 1988 ha
760 1957 910 1996 requieui
929 1957 962 1987 Α
981 1968 988 1987 :
1014 1957 1056 1987 ha
1074 1957 1117 1988 ha
1134 1957 1177 1988 ha
1195 1956 1283 1988 ercle
1296 1955 1457 1995 quieuiP
1543 1966 1607 1986 210

268 2002 337 2032 auit
355 2002 386 2032 Β
404 2002 480 2037 (iuit
498 2000 585 2034 PCD)
604 2001 637 2032 P
653 2001 687 2042 (i.
701 2012 725 2033 e.
747 2001 832 2041 abit)
945 2011 1056 2032 meum
1074 2012 1141 2032 om.
1162 2000 1194 2031 Ρ
1346 2010 1410 2030 212
1435 1999 1562 2031 iubebit
1577 2000 1610 2030 Ρ

269 2048 343 2086 (pro
361 2045 444 2085 lub-)
460 2057 466 2076 :
493 2045 604 2076 licebit
622 2045 654 2074 A
793 2054 856 2084 213
880 2044 1051 2076 hominem
1070 2044 1103 2075 Ρ
1188 2055 1240 2075 mc
1252 2054 1310 2075 era
1322 2043 1354 2074 Ρ
1369 2048 1445 2085 (pro
1456 2052 1604 2081 meaera,

270 2090 289 2120 i.
305 2101 329 2120 e.
348 2099 422 2120 mea
439 2091 513 2129 era)
604 2089 731 2120 homini
748 2094 829 2129 aput
848 2099 910 2120 nos
928 2099 1002 2120 mea
1021 2099 1079 2120 era
1092 2089 1216 2119 amanti
1235 2088 1369 2119 nneiam
1386 2088 1419 2118 A
1510 2087 1608 2119 bonis

267 2132 427 2173 Spengel:
453 2134 495 2164 de
512 2133 611 2164 bonis
629 2133 716 2164 codd.
740 2131 811 2174 (sed
831 2134 985 2163 naeniam
1008 2133 1093 2163 dixit
1115 2132 1269 2173 displicefl
1289 2144 1295 2163 :
1320 2132 1408 2162 domi
1431 2130 1497 2163 cod.
1523 2131 1612 2162 Festi

268 2188 300 2216 p.
319 2178 373 2207 161
398 2180 436 2217 (S-
452 2189 480 2209 v.
502 2178 638 2215 naenia)
789 2187 851 2215 2¹4
879 2177 971 2207 fundi
989 2176 1040 2216 et]
1058 2177 1169 2207 fundit
1187 2176 1221 2207 Ρ
1307 2176 1410 2206 moris
1427 2175 1605 2215 prandium

269 2221 301 2251 Ρ
432 2231 495 2261 215
520 2231 579 2252 sua
598 2232 664 2252 om.
686 2221 717 2252 Ρ
804 2221 867 2250 216
891 2221 940 2250 vel
954 2231 1118 2261 mageque
1230 2220 1260 2250 ei
1278 2230 1344 2251 om.
1364 2220 1396 2249 A
1488 2218 1604 2260 quam]

269 2265 324 2304 qui
344 2264 374 2294 Β
395 2276 401 2295 :
426 2266 516 2304 quod
534 2265 606 2295 PCD
627 2270 705 2305 (pro
728 2275 825 2304 quam
848 2270 906 2304 prr
921 2264 1086 2305 compmtd.
1108 2263 1234 2305 script.)
1370 2263 1433 2293 218
1457 2262 1556 2294 istinc
1573 2262 1605 2293 id

270 2308 462 2349 1³(c02fiat.
483 2320 521 2339 ex
538 2310 624 2342 istic.
643 2310 692 2339 vel
709 2309 761 2339 ist=
781 2318 880 2340 nune.
897 2313 926 2338 et
942 2310 1004 2338 iste
1028 2309 1060 2339 id
1074 2309 1100 2340 ἲ)
1237 2317 1301 2347 219
1326 2307 1468 2338 mutauit
1490 2306 1607 2347 P1pro

271 2357 373 2391 muta,
392 2354 410 2383 i.
423 2364 446 2385 c.
467 2353 583 2383 mutari
595 2354 620 2391 ἲ)
771 2362 835 2382 220
860 2351 973 2393 istum]
994 2362 1069 2382 cum
1087 2351 1120 2382 P
1206 2351 1261 2382 isti
1278 2350 1312 2381 Ρ
1451 2361 1509 2382 221
1539 2360 1605 2380 me-

272 2397 376 2427 moria
393 2402 444 2428 est
463 2397 673 2437 (memoriast
692 2396 781 2437 PCD)
800 2396 889 2426 uitus
910 2397 954 2426 sit
979 2396 1060 2435 quid
1087 2396 1130 2426 ita
1155 2395 1296 2426 miretur
1319 2394 1350 2425 Ρ
1467 2404 1531 2425 222
1555 2393 1604 2432 ei]

272 2451 325 2471 me
343 2440 376 2470 Ρ
685 2445 687 2447 ’
