1747 2740
155 67 232 106 [ΙΙ.

195 453 233 486 15

193 783 234 806 20

194 1108 234 1139 25

193 1441 235 1472 30

255 69 283 105 ii
676 71 722 108 T.
756 69 937 109 MACCI
970 70 1175 108 PLAVTI

363 188 403 220 tu
425 183 532 221 solus
553 189 704 233 practer
724 182 851 220 alios?
909 182 984 221 Co.
1015 195 1088 232 ego
1109 181 1238 221 dicam
1261 182 1331 221 tibi
1349 198 1357 221 ;

360 247 523 285 auaritia
544 261 618 297 ego
640 261 726 285 sum
749 249 873 285 sactus
895 247 1097 297 inprobior
1119 261 1280 298 coquos,

361 325 441 350 non
478 319 636 362 meopte
672 311 842 361 ingenio.
910 313 981 350 ΒΑ.
1014 312 1093 362 quii
1126 311 1228 351 istuc
1263 313 1444 352 ratione?
1513 315 1587 354 Co.

1415 379 1587 428 eloquar.

361 441 454 491 quia
469 441 589 489 enim,
604 454 725 492 quom
743 442 942 492 extemplo
959 441 1125 480 ueniunt
1141 443 1386 481 conductum
1403 456 1588 494 coquom,

361 520 481 545 nemo
502 506 611 545 illum
634 507 784 557 quaerit
807 507 871 556 qui
895 515 1082 557 optumus
1103 515 1140 546 et
1163 507 1441 546 carissumust:

362 572 472 610 illum
495 573 727 611 conducunt
748 572 880 622 potius
901 572 968 622 qui
990 573 1243 612 uilissumust.

361 639 438 676 hoc
459 651 532 688 ego
554 637 607 676 fui
629 637 748 676 hodie
770 638 876 676 solus
897 651 1079 688 opsessor
1100 639 1182 677 fori.

361 702 416 741 illi
437 702 753 742 drachumissent
774 702 903 741 miseri
920 718 926 741 :
958 716 1021 741 me
1042 717 1160 742 nemo
1180 711 1310 754 potest

362 767 524 807 minoris
545 767 755 818 quisquam
777 780 943 806 nummo
964 775 1006 806 ut
1027 781 1181 818 surgam
1203 768 1393 819 subigere.

362 847 443 871 non
465 846 537 884 ego
559 833 653 872 item
674 846 814 872 cenam
836 832 983 871 condio
1004 841 1047 871 ut
1066 832 1130 871 alii
1152 833 1284 883 coqui,

361 898 430 948 qui
451 898 546 936 mihi
568 897 729 937 condita
750 905 860 948 prata
881 897 920 935 in
941 897 1084 948 patinis
1104 899 1320 948 proferunt,

363 964 487 1002 boues
509 964 577 1013 qui
597 962 788 1001 conuiuas
810 962 958 1001 faciunt
980 963 1202 1012 herbasque
1222 970 1424 1013 oggerunt,

363 1041 429 1067 eas
449 1028 590 1067 herbas
611 1027 743 1066 herbis
763 1027 847 1066 aliis
869 1040 985 1078 porro
1005 1027 1221 1066 condiunt:

364 1094 506 1132 indunt
527 1093 789 1140 coriandrum,
814 1092 1039 1140 feniculum,
1063 1093 1194 1140 alium,
1218 1101 1344 1132 atrum
1366 1095 1493 1142 holus,

362 1168 569 1211 apponunt
591 1159 791 1207 rumicem,
815 1159 1040 1207 brassicam,
1063 1160 1207 1206 betam,
1232 1159 1385 1207 blitum,

363 1239 411 1264 eo
432 1225 609 1276 lziserpici
630 1225 769 1263 libram
790 1225 927 1275 pondo
948 1224 1115 1272 diluont,

363 1291 498 1330 teritur
519 1290 664 1341 sinapis
682 1291 843 1337 scelera,
867 1303 968 1340 quae
989 1289 1063 1328 illis
1085 1290 1151 1340 qui
1174 1298 1303 1329 terunt

362 1356 459 1407 priu’
480 1369 599 1406 quam
621 1349 811 1394 {riuerunt
832 1354 935 1393 oculi
958 1362 999 1393 ut
1020 1355 1214 1394 exstillent
1237 1355 1338 1393 facit.

363 1422 398 1461 ei
419 1422 601 1461 homines
622 1434 740 1461 cenas
762 1420 830 1459 ubi
851 1429 1038 1471 coquom,
1063 1434 1183 1471 quom
1206 1421 1410 1469 condiunt,

363 1501 444 1526 non
466 1487 732 1526 condimentis
754 1485 958 1532 condiunt,
983 1487 1053 1525 sed
1075 1486 1258 1537 strigibus

361 1552 462 1591 uiuis
483 1552 663 1591 conuiuis
685 1551 870 1590 intestina
891 1565 993 1602 quae
1015 1552 1185 1591 exedint.

363 1619 440 1656 hoc
462 1617 524 1656 hic
545 1617 708 1668 quidem
730 1616 912 1655 homines
935 1625 1014 1655 tam
1038 1617 1198 1656 breuem
1221 1618 1342 1656 uitam
1364 1619 1511 1665 colunt,

363 1696 485 1734 quom
516 1685 634 1721 hasce
664 1682 805 1721 herbas
836 1682 951 1720 huius
983 1683 1091 1722 modi
1125 1683 1164 1721 in
1195 1697 1309 1722 suom
1339 1685 1470 1722 aluom
1501 1696 1592 1721 con-

1439 1757 1589 1799 gerunt,

296 1854 357 1884 801
384 1853 469 1884 alius
490 1851 555 1883 cod.
693 1853 758 1883 802
782 1852 923 1883 auaritia
955 1852 1005 1891 (T
1020 1856 1058 1883 ut
1077 1852 1158 1892 vid.)
1183 1853 1233 1884 vel
1254 1853 1427 1883 hominum
1449 1853 1591 1884 auaritia

255 1898 359 1938 (PBG)
384 1896 449 1928 cod.
597 1896 660 1935 804
686 1896 844 1936 exemplo
870 1895 934 1926 cod.
1072 1897 1136 1935 805
1161 1907 1260 1927 nemo
1286 1897 1513 1927 Camerarius:
1549 1906 1592 1927 ne

253 1940 321 1972 cod.
456 1941 520 1971 808
545 1940 793 1971 drachmissant
814 1940 865 1979 <T
879 1944 914 1969 u!
930 1939 1010 1971 vids,
1030 1941 1080 1970 vel
1094 1941 1261 1971 drahcmis
1286 1946 1363 1970 sent
1382 1940 1416 1975 (i.
1431 1951 1453 1971 ε’.
1473 1940 1590 1970 drach-

254 1986 409 2021 missent)
430 1984 534 2015 (PBCN
552 1983 617 2015 cod.
754 1983 815 2022 815
841 1984 993 2022 m1tc814
1012 1985 1107 2024 ponit
1125 1983 1260 2024 Sauppe
1390 1985 1455 2014 816
1478 1983 1593 2014 accedit

255 2029 287 2059 A
421 2028 482 2067 817
509 2028 639 2067 sinapis
665 2028 769 2067 (sensi
795 2027 923 2057 scelera
950 2026 1121 2057 Charisius
1142 2037 1211 2066 144„
1232 2027 1369 2058 Servius
1391 2027 1438 2057 ad
1458 2026 1542 2057 Aen.
1558 2037 1589 2066 9.

256 2073 318 2111 484
344 2071 535 2102 Priscianus
558 2083 585 2110 1,
605 2081 669 2110 205
685 2072 751 2111 (ψει
768 2071 819 2101 vel
833 2075 917 2100 -rata
930 2070 1038 2102 coddd
1059 2083 1065 2101 :
1090 2071 1229 2110 senapis
1245 2071 1357 2101 celera
1373 2069 1422 2101 P:
1448 2071 1591 2111 sinapjm

257 2115 387 2146 scelera
419 2116 450 2146 A
574 2115 704 2146 scelera
740 2113 804 2155 adj.
825 2115 908 2154 sem.
942 2118 1080 2144 testatur
1107 2114 1213 2151 Serv„
1245 2114 1373 2154 sinapis
1394 2115 1479 2154 stm.
1515 2124 1591 2144 casu

258 2160 419 2189 nominat.
440 2163 577 2190 testatur
591 2159 692 2190 Prisc.
783 2168 848 2197 que
867 2158 886 2188 i.
904 2157 937 2187 Α
954 2169 961 2188 :
995 2167 1068 2188 cum
1087 2159 1107 2189 i.
1125 2158 1165 2196 P,
1183 2157 1271 2188 codd.
1294 2158 1478 2189 Prisciani:
1501 2159 1590 2196 quod

259 2202 326 2233 cod.
345 2203 580 2242 Clmrisii.fort.
603 2206 677 2232 recle
783 2201 828 2231 illi
845 2201 901 2240 qui
920 2201 997 2231 terit
1015 2201 1080 2232 cod.
1097 2201 1239 2232 Cltam'sii
1347 2201 1410 2231 818
1427 2201 1591 2231 triuerunt

262 2251 350 2286 (-ont
371 2246 436 2287 A‘]
463 2246 622 2276 contriuit
640 2244 708 2277 cod.
728 2244 869 2275 Charisii
976 2244 1130 2275 extilient
1147 2245 1179 2275 Ρ
1312 2246 1376 2283 819
1400 2244 1471 2285 ubi]
1490 2244 1545 2275 libi
1564 2244 1596 2274 Ρ

260 2291 318 2320 821
348 2291 441 2320 uiuas
470 2291 501 2318 A
637 2290 700 2319 822
725 2288 842 2329 qolunt
860 2287 892 2318 A
1040 2288 1104 2330 823
1127 2287 1237 2320 aluum
1264 2288 1362 2320 lma:
1385 2288 1513 2319 saluom
1540 2287 1593 2318 P:

262 2334 406 2365 maluum
421 2333 452 2365 Α

1612 517 1674 561 805

1609 840 1677 874 810

1608 1161 1676 1206 815

1612 1489 1682 1524 820
