1747 2740
66 101 182 130 PROL.
624 97 670 134 T.
705 96 886 136 MACCI
919 97 1124 135 PLAVTI

312 204 379 255 qui
401 205 504 243 illam
529 214 739 244 mercatust
761 208 811 246 de
832 209 976 246 lenone
997 207 1200 258 uirginem.

310 272 448 317 nalem,
473 279 514 309 ut
536 272 669 310 hostes
691 272 811 310 uostri
833 272 1014 311 diffidant
1034 272 1177 311 sibi,—

727 542 963 590 ACTVS
1015 544 1034 590 I

117 645 184 684 I.i
712 649 1040 687 SCEPARNIO

313 734 388 772 Pro
409 734 449 772 di
471 733 709 781 inmortales,
734 742 1011 785 tempestatem
1034 735 1290 786 quoiusmodi

313 800 524 849 Neptunus
547 800 662 839 nobis
683 808 801 839 nocte
822 802 896 839 hac
918 801 1023 839 misit
1043 805 1258 852 proxuma!

312 865 459 903 detexit
480 873 622 904 uentus
644 865 933 917 uillam—quid
956 866 1086 905 uerbis
1107 868 1253 917 opust?
1564 868 1606 914 85

313 943 394 968 non
416 938 558 969 uentus
580 931 662 978 fuit,
688 945 825 970 uerum
847 933 1071 971 Alcumena
1094 931 1283 982 Euripidi,

163 1010 180 1042 5
314 994 367 1033 ita
388 996 516 1034 omnis
538 997 588 1034 de
609 1004 715 1034 tecto
736 996 963 1035 deturbauit
985 998 1135 1047 tegulas
1150 1012 1160 1045 ;

313 1060 553 1100 inlustriores
574 1062 665 1100 fecit
686 1063 932 1113 fenstrasque
953 1062 1107 1101 indidit.

157 1173 186 1209 ii
252 1173 631 1209 PLESIDIPPVS
745 1173 1073 1210 SCEPARNIO
1187 1173 1501 1211 DAEMONES

318 1256 386 1293 PL.
419 1256 469 1293 Et
490 1268 561 1293 uos
582 1269 605 1293 a
627 1254 769 1294 uostris
790 1255 937 1293 abduxi
959 1255 1126 1305 negotiis

315 1333 445 1370 neque
466 1320 505 1358 id
527 1320 716 1370 processit
739 1333 817 1370 qua
839 1333 910 1358 uos
932 1320 1025 1358 duxi
1045 1320 1166 1370 gratia
1565 1335 1611 1372 90

316 1399 445 1435 neque
465 1385 574 1435 quiui
596 1386 646 1423 ad
669 1393 827 1435 portum
851 1386 1035 1423 lenonem
1058 1384 1312 1434 prehendere.

317 1452 386 1489 sed
409 1464 496 1489 mea
517 1450 669 1489 desidia
691 1464 802 1501 spem
826 1452 1006 1489 deserere
1027 1450 1136 1489 nolui
1154 1466 1161 1489 ;

168 1529 186 1560 5
316 1530 364 1555 eo
385 1517 467 1563 uos,
490 1517 618 1564 amici,
643 1517 795 1556 detinui
817 1517 975 1556 diutius.

314 1596 421 1621 nunc
442 1584 519 1621 huc
539 1584 591 1622 ad
612 1583 779 1622 Veneris
801 1585 937 1622 fanum
959 1583 1078 1622 uenio
1099 1583 1235 1631 uisere,

315 1649 383 1687 ubi
405 1662 485 1687 rem
507 1649 684 1688 diuinam
708 1663 749 1688 se
770 1651 964 1688 facturum
987 1650 1146 1689 dixerat.
1565 1664 1609 1700 95

316 1716 378 1754 SC.
412 1715 441 1753 si
464 1715 623 1765 sapiam,
649 1717 726 1754 hoc
749 1717 856 1766 quod
880 1729 943 1754 me
964 1724 1109 1754 mactat
1131 1715 1368 1755 concinnem
1389 1717 1526 1754 lutum.

320 1782 387 1819 PL.
430 1794 552 1831 prope
593 1795 656 1819 me
696 1781 759 1819 hic
804 1781 1028 1832 nescioquis
1068 1782 1250 1832 loquitur.
1327 1783 1403 1820 DA.
1436 1782 1544 1826 heus,

1309 1846 1523 1898 Sceparnio
1541 1850 1546 1884 ξ

151 1929 190 1951 10
318 1914 380 1950 Sc.
413 1912 480 1962 qui
502 1914 681 1952 nominat
703 1914 799 1952 me?
860 1915 935 1952 DA.
968 1913 1034 1963 qui
1057 1927 1128 1964 pro
1149 1921 1186 1952 te
1202 1920 1405 1964 argentum
1423 1911 1543 1951 dedit.

319 1979 380 2017 Sc.
414 1979 525 2028 quasi
549 1993 611 2018 me
633 1988 743 2018 tuom
766 1993 851 2018 esse
873 1993 1029 2018 seruom
1051 1979 1174 2022 dicas.
1197 1981 1434 2017 Daemones.

319 2046 395 2082 DA.
428 2046 511 2082 luto
532 2053 643 2083 usust
665 2046 801 2092 multo,
825 2046 988 2083 multam
1011 2052 1151 2083 terram
1173 2045 1354 2083 confode.
1570 2054 1636 2079 100

318 2110 451 2148 uillam
474 2110 731 2161 integundam
754 2111 939 2160 intellego
961 2119 1084 2148 totam
1107 2110 1213 2157 mihi,

318 2190 409 2214 nam
432 2190 538 2214 nunc
560 2179 733 2226 perlucet
754 2190 799 2215 ea
820 2190 939 2226 quam
961 2176 1133 2214 cribrum
1153 2176 1336 2215 crebrius.

254 2282 296 2311 82
321 2280 437 2311 uestiri
454 2280 521 2310 cod.
544 2281 636 2311 (corr.
654 2280 699 2310 Bi
797 2280 839 2310 88
865 2280 1092 2310 inlustriorem
1107 2279 1305 2318 Lambinus,
1323 2278 1544 2318 FicIdgCIass.

211 2323 291 2355 Rev.
322 2325 352 2363 8,
380 2325 439 2363 99)
545 2324 595 2354 vel
619 2325 810 2363 festrasque
957 2326 1000 2362 96
1023 2323 1151 2357 alludit.
1187 2323 1288 2354 credo.
1319 2323 1366 2352 ad
1395 2331 1548 2353 maccare

213 2368 343 2398 ‘lutum
361 2368 576 2398 concinnare)
623 2369 680 2398 vix
695 2369 784 2407 quod
797 2378 848 2398 me
861 2373 981 2398 mactat
999 2377 1063 2408 ego
1082 2377 1232 2398 maccem
1251 2368 1357 2399 lutum
1505 2375 1546 2406 97

211 2411 264 2443 hic
281 2411 409 2443 Merula
425 2423 430 2441 :
457 2412 535 2442 hinc
553 2411 617 2442 cod.
