1747 2740
211 876 252 907 30

210 1268 251 1300 35

206 1595 249 1627 40

208 1920 250 1952 45

237 159 281 198 .i
690 159 736 196 T.
771 156 953 197 MACCI
984 156 1189 195 PLAVTI

325 273 387 309 Ps.
420 278 463 310 ut
483 270 634 321 opinor,
659 277 853 320 quaerunt
873 268 1023 308 litterae
1043 269 1119 307 hae
1139 267 1215 306 sibi
1235 267 1379 307 liberos
1397 282 1406 307 :

321 335 397 374 alia
417 335 533 374 aliam
555 335 719 374 scandit.
780 336 895 374 CAL1.
928 333 1030 372 ludis
1050 333 1129 372 iam
1149 334 1246 373 ludo
1265 335 1365 372 tuo?

324 403 386 439 Ps.
419 402 489 439 has
510 400 672 450 quidem
693 401 759 450 pol
781 400 901 438 credo
921 398 995 437 nisi
1016 399 1167 438 Sibulla
1186 398 1333 450 legerit,
1623 408 1665 445 25

322 465 566 517 interpretari
586 465 706 504 alium
728 473 885 516 potesse
906 464 1118 504 neminem.

323 533 439 572 CALI.
472 546 544 583 qur
565 531 823 570 inclementer
844 529 942 569 dicis
963 529 1105 581 lepidis
1125 530 1262 569 litteris

321 597 462 648 lepidis
484 597 637 636 tabellis
658 596 790 647 lepida
810 595 1043 646 conscriptis
1065 598 1214 634 manu?

323 665 384 701 Ps.
417 677 479 710 an,
502 676 667 713 opsecro
687 663 828 709 hercle,
853 662 1002 700 habent
1022 675 1120 711 quas
1139 661 1306 712 gallinae
1326 663 1498 701 manus?

323 742 414 767 nam
436 730 506 767 has
528 728 690 779 quidem
710 727 854 778 gallina
874 726 1039 777 scripsit.
1100 728 1215 767 CALI.
1248 726 1411 766 odiosus
1432 726 1529 766 mihi
1548 741 1601 767 es.
1624 740 1670 776 30

323 795 408 844 lege
428 796 491 833 uel
513 795 676 833 tabellas
697 795 830 833 redde.
890 795 953 831 ΡΞ.
985 794 1110 830 immo
1131 791 1237 831 enim
1257 793 1462 843 pellegam.

322 859 522 899 aduortito
542 860 730 898 animum.
791 860 910 899 CAL1.
941 872 1021 897 non
1042 859 1165 897 adest.
1226 860 1289 896 Ps.
1320 866 1359 896 at
1380 865 1422 897 tu
1442 858 1530 898 cita.

324 926 439 965 (ΖΑΗ.
473 925 596 965 immo
617 939 690 976 ego
711 925 863 972 tacebo,
887 926 929 963 tu
951 923 1066 962 istinc
1087 938 1132 962 ex
1153 937 1243 962 cera
1262 922 1340 962 cita
1353 937 1363 971 ;

323 1005 414 1029 nam
436 990 522 1030 istic
544 1005 655 1030 meus
676 991 832 1029 animus
855 1004 962 1029 nunc
983 997 1052 1036 est,
1075 1003 1157 1028 non
1178 988 1217 1027 in
1239 996 1409 1039 pectore.

324 1058 387 1095 Ps.
420 1064 528 1095 tuam
562 1056 731 1096 amicam
771 1056 901 1103 uideo,
937 1055 1133 1096 Calidore.
1194 1056 1309 1095 CALl.
1342 1054 1410 1093 ubi
1449 1068 1496 1094 ea
1532 1061 1602 1103 est,
1625 1066 1644 1102 3
1651 1065 1667 1101 5

1410 1134 1576 1172 opsecro
1589 1123 1606 1160 ?

326 1188 387 1225 Ps.
421 1200 555 1226 eccam
577 1186 617 1225 in
638 1186 790 1226 tabellis
812 1194 1031 1237 porrectam
1050 1201 1056 1223 z
1087 1185 1126 1224 in
1148 1199 1236 1224 cera
1256 1185 1385 1224 cubat.

325 1252 441 1291 CAL1.
464 1259 503 1290 at
520 1259 557 1291 te
573 1251 614 1291 di
628 1253 806 1302 deaeque
823 1253 1176 1302 quantumst—Ps.
1195 1250 1405 1290 seruassint
1422 1250 1602 1302 quidem!

324 1318 439 1357 CALl.
472 1317 583 1367 quasi
604 1317 816 1356 solstitialis
838 1317 960 1356 herba
979 1316 1191 1367 paullisper
1211 1316 1265 1355 fui
1285 1333 1292 1356 :

321 1390 482 1432 repente
503 1390 658 1421 exortus
679 1396 777 1429 sum,
801 1382 1008 1433 repentino
1029 1381 1167 1421 occidi.

323 1450 386 1486 Ps.
419 1455 515 1495 tace,
539 1449 635 1487 dtim
658 1448 821 1487 tabellas
842 1449 1006 1499 pellego.
1068 1448 1183 1488 (ΖΑΗ.
1217 1461 1309 1499 ergo
1329 1447 1426 1499 quin
1447 1447 1572 1500 legis?
1623 1461 1669 1494 4ο

323 1515 386 1551 Ps.
421 1517 429 1533 ‘
445 1513 704 1552 Phoenicium
728 1512 916 1553 Calidoro
935 1512 1100 1551 amatori
1121 1526 1193 1551 suo

322 1592 390 1629 per
411 1592 541 1617 ceram
563 1586 600 1617 et
621 1578 746 1616 linum
767 1578 995 1629 litterasque
1016 1578 1246 1630 interpretes

322 1644 488 1682 salutem
511 1642 683 1694 impertit
704 1651 743 1682 et
763 1644 930 1682 salutem
952 1632 999 1682 ex
1020 1651 1058 1682 te
1079 1644 1226 1695 expetit

321 1709 543 1747 lacrumans
564 1708 748 1747 titubanti
775 1708 779 1759 Ι
805 1708 951 1756 animo,
974 1710 1095 1748 corde
1115 1716 1153 1748 et
1173 1710 1358 1760 pectore.'

323 1774 438 1813 (ΞΛΜ.
471 1773 591 1823 perii!
622 1775 788 1813 salutem
810 1788 1006 1824 nusquam
1028 1774 1200 1822 inuenio,
1225 1776 1433 1822 Pseudole‚
1622 1787 1664 1823 45

324 1852 443 1889 quam
458 1838 511 1877 illi
526 1838 732 1878 remittam.
778 1841 839 1878 ΡΞ.
859 1853 977 1890 quam
996 1842 1160 1879 salutem
1179 1842 1196 1879 ?
1225 1842 1340 1881 CAH.
1363 1848 1599 1892 argenteam.

326 1907 389 1943 Ps.
421 1918 492 1955 pro
513 1904 667 1954 lignean
689 1906 813 1944 salute
835 1905 918 1944 ueis
938 1913 1163 1956 argenteam

325 1970 522 2009 remittere
543 1969 626 2007 illi?
669 1969 762 2009 uide
783 1969 834 2008 sis
856 1983 975 2020 quam
999 1979 1039 2009 tu
1061 1985 1141 2010 rem
1163 1985 1283 2022 geras.

323 2037 439 2075 (ΞΛΜ.
471 2034 590 2073 recita
610 2035 754 2073 modo:
785 2049 831 2073 ex
852 2035 1004 2073 tabellis
1026 2035 1101 2074 iam
1124 2037 1212 2075 faxo
1232 2036 1331 2076 scies

323 2114 440 2150 quam
464 2099 595 2138 subito
615 2108 778 2150 argento
799 2099 851 2138 mi
874 2114 966 2139 usus
989 2100 1152 2140 inuento
1173 2101 1256 2140 siet.
1623 2112 1667 2148 50

324 2167 386 2203 Ps.
422 2166 534 2203 ‘leno
556 2178 618 2203 me
639 2178 798 2215 peregre
819 2164 930 2203 militi
955 2166 1197 2205 Macedonio

313 2279 354 2309 23
377 2270 426 2301 vel
443 2270 544 2309 opino
649 2280 689 2308 24
716 2269 797 2310 iam]
818 2270 914 2300 ch
942 2271 982 2300 iv.
1003 2271 1059 2307 22)
1173 2271 1216 2301 26
1241 2281 1340 2311 posse
1356 2270 1443 2303 codd.
1558 2283 1601 2312 29

268 2313 720 2355 quaslquc(1'.e.qu:1021l’
799 2324 841 2352 30
859 2313 1003 2351 gallinas
1017 2314 1048 2343 A
1139 2323 1181 2353 33
1200 2315 1414 2355 hincP(pro
1428 2316 1493 2346 iste
1507 2316 1599 2350 hinc,

269 2359 288 2388 i.
303 2369 325 2389 c.
347 2358 444 2388 istinc
458 2359 483 2389 2⁸
604 2359 646 2396 36
669 2367 779 2388 ceram
797 2358 829 2386 A
964 2368 1004 2396 42
1030 2358 1155 2396 lignum
1173 2358 1264 2389 codd.
1281 2359 1431 2389 Ausonii
1442 2359 1528 2400 epist.
1544 2370 1596 2392 22.

274 2412 300 2439 1,
321 2407 357 2441 p.
391 2402 447 2439 184
470 2400 555 2433 sch..
575 2401 656 2440 fort.
685 2404 761 2431 recte
783 2401 837 2441 (tjf.
865 2411 905 2439 47
932 2401 1024 2441 insul
1184 2412 1226 2442 43
1250 2402 1414 2444 impertit]
1443 2403 1542 2434 mittit
1571 2404 1603 2434 P

271 2445 326 2486 (ef.
343 2456 371 2476 v.
389 2446 447 2483 465
516 2445 612 2475 abste
629 2445 661 2476 P
747 2456 788 2483 44
813 2445 1025 2475 illam-rimans
1038 2445 1167 2477 Scltocll
1231 2446 1459 2486 titubantique
1476 2446 1602 2478 Rr'lsclael

270 2499 312 2529 45
337 2489 514 2529 ipscudolc
532 2488 565 2518 P
694 2498 731 2529 51
760 2489 977 2520 macedonico
995 2489 1026 2520 P
