1747 2740
195 458 239 489 60

190 1760 232 1790 80

680 146 725 184 T.
761 145 939 185 MACCI
973 146 1178 183 PLAVTI

368 269 497 308 neque
518 257 557 296 id
579 258 685 296 unde
707 256 859 295 ecficiat
879 257 1022 295 habet:
1053 256 1121 295 ubi
1144 255 1183 295 in
1205 256 1264 295 ius
1285 255 1447 303 uenerit,
1616 262 1678 306 185

366 322 525 361 addicet
545 330 700 373 praetor
721 321 909 360 familiam
932 329 1055 361 totam
1078 322 1159 361 tibi.

366 386 420 425 ita
440 387 684 438 decipiemus
705 389 822 426 souea
842 389 1027 426 lenonem
1051 389 1213 437 Lycum.

366 454 440 490 Ac.
466 454 594 503 placet
606 453 825 492 consilium.
877 455 949 491 Mx.
975 452 1098 492 immo
1117 453 1249 499 etiam,
1270 453 1337 492 ubi
1355 452 1592 504 expoliuero‚

366 518 487 568 magis
509 520 585 557 hoc
606 527 689 557 tum
711 520 873 557 demum
894 518 1003 558 dices
1023 534 1030 557 ε
1061 533 1167 557 nunc
1188 519 1305 558 etiam
1327 519 1470 557 rudest.

363 585 438 622 AG.
471 597 544 633 ego
565 584 604 622 in
624 586 765 623 aedem
787 584 953 623 Veneris
975 598 1037 633 eo,
1059 584 1131 623 nisi
1149 584 1246 635 quid
1267 583 1337 631 uis,
1362 582 1543 634 Milphio.
1616 596 1681 631 190

364 649 604 699 Aphrodisia
627 649 747 688 hodie
768 657 868 688 sunt.
931 651 1003 688 M1.
1033 649 1125 689 scio.
1185 652 1262 688 AG.
1287 650 1424 688 oculos
1445 649 1538 687 uolo

364 727 473 753 meos
494 715 689 754 delectare
711 715 914 754 munditiis
937 715 1176 754 meretriciis.

366 781 438 818 M1.
471 781 547 819 hoc
568 780 737 831 primum
758 795 920 832 agamus
943 783 1052 832 quod
1073 781 1283 821 consilium
1305 779 1492 832 cepimus.

362 846 551 884 abeamus
573 846 684 894 intro,
709 854 750 885 ut
772 847 1043 897 Collybiscum
1066 847 1228 886 uilicum

363 911 464 950 hanc
486 913 773 962 perdoceamus
794 920 836 951 ut
858 914 954 952 ferat
976 912 1180 951 fallaciam.
1613 921 1677 958 195

361 977 437 1014 AG.
469 990 711 1027 quamquam
730 977 889 1028 Cupido
910 977 949 1015 in
972 979 1092 1017 corde
1109 985 1297 1025 uersatur,
1321 984 1455 1016 tamen

362 1040 432 1080 tibi
453 1043 831 1081 auscultabo—ML
865 1042 1006 1081 faciam
1029 1050 1070 1081 ut
1092 1044 1196 1082 facto
1215 1043 1399 1093 gaudeas.

362 1105 464 1145 inest
484 1107 628 1146 amoris
650 1109 804 1146 macula
825 1107 917 1145 huic
940 1107 1091 1146 homini
1114 1107 1152 1145 in
1174 1115 1344 1158 pectore,

361 1171 445 1210 sine
466 1174 614 1211 damno
635 1186 779 1223 magno
800 1186 902 1222 quae
924 1172 1000 1211 elui
1022 1186 1072 1211 ne
1093 1172 1270 1222 utiquam
1292 1179 1432 1222 potest.

360 1236 492 1286 itaque
513 1237 576 1275 hic
597 1239 784 1276 scelestus
806 1245 864 1276 est
886 1238 1009 1276 homo
1030 1238 1121 1276 leno
1143 1238 1283 1287 Lycus,
1608 1248 1678 1272 200

360 1301 453 1352 quoi
475 1302 551 1340 iam
573 1302 761 1341 infortuni
783 1302 934 1341 intenta
956 1302 1146 1341 ballistast
1166 1303 1304 1353 probe,

361 1380 480 1417 quam
502 1381 574 1418 ego
595 1369 672 1405 hau
696 1369 820 1406 multo
843 1375 930 1417 post
955 1367 1106 1406 mittam
1129 1382 1149 1406 e
1171 1367 1396 1406 ballistario.

361 1433 430 1470 sed
451 1432 737 1483 Adelphasium
760 1446 895 1471 eccam
917 1434 995 1471 exit
1015 1440 1134 1483 atque
1155 1432 1413 1471 Anterastilis.

360 1498 457 1535 haec
478 1505 536 1536 est
557 1497 660 1547 prior
681 1511 782 1547 quae
806 1511 938 1536 meum
961 1511 1071 1536 erum
1093 1499 1320 1536 dementem
1342 1497 1444 1535 facit.

358 1563 427 1601 sed
449 1563 637 1601 euocabo.
698 1564 807 1610 heus,
831 1562 840 1601 i
863 1564 978 1611 foras,
1001 1564 1286 1613 Agorastocles,
1605 1573 1671 1608 205

358 1627 389 1665 si
411 1627 468 1666 uis
490 1627 623 1667 uidere
644 1630 759 1667 ludos
782 1628 1113 1667 iucundissumos.

359 1694 433 1730 Aa.
458 1693 553 1743 quid
568 1693 667 1731 istuc
685 1693 891 1740 tumultist‚
911 1692 1112 1744 Milphio?
1143 1695 1215 1731 M1.
1239 1707 1302 1732 em
1314 1707 1468 1733 amores
1485 1701 1585 1739 ωος,

359 1757 389 1796 si
412 1758 470 1796 uis
491 1766 677 1809 spectare.
739 1761 814 1796 Ao.
848 1772 872 1796 0
895 1760 1018 1796 multa
1038 1758 1109 1797 tibi
1130 1758 1169 1798 di
1191 1759 1287 1798 dent
1308 1759 1424 1806 bona,

358 1836 480 1873 quom
502 1825 578 1861 hoc
600 1823 651 1861 mi
675 1822 850 1874 optulisti
875 1831 953 1861 tam
977 1823 1153 1873 lepidum
1175 1825 1468 1874 spectaculum!

198 1934 228 1971 ii
266 1937 688 1976 ADELPHAsivm
786 1939 1219 1975 ANTERASTILIS
1312 1936 1567 1973 ANc1LLA

497 2005 756 2041 MlLPHIO
880 2004 1329 2040 AGORASTOCLES

463 2087 568 2124 Arm.
602 2085 744 2136 Negoti
768 2085 841 2123 sibi
863 2084 930 2135 qui
952 2085 1059 2123 uolet
1081 2083 1161 2122 uim
1183 2096 1330 2133 parare,
1601 2098 1670 2123 210

464 2164 606 2190 nauem
629 2159 666 2191 et
690 2151 904 2195 mulierem,
930 2151 1027 2187 haec
1050 2150 1130 2187 duo
1152 2154 1389 2198 comparato.

466 2229 556 2254 nam
579 2218 709 2255 nullae
731 2215 853 2265 magis
876 2228 934 2252 res
956 2215 1058 2252 (luae
1081 2215 1168 2263 plus
1191 2211 1321 2263 negoti

466 2282 624 2328 liabent,
649 2283 746 2320 forte
767 2280 796 2318 si
820 2279 1019 2329 occeperis
1041 2291 1237 2323 exornare,

293 2396 354 2423 203
379 2387 447 2416 exit
474 2397 584 2417 cecam
613 2386 834 2418 Camerarius.
855 2385 910 2415 (ιη’
926 2386 996 2416 exit
1020 2383 1161 2425 displt'crl
1301 2393 1359 2413 211
1387 2381 1495 2425 (sibi)
1512 2382 1579 2413 duo

249 2428 397 2468 valadffi.
414 2430 556 2471 Spengel
