1747 2740
200 144 305 183 IV.i
711 146 756 183 T.
793 146 972 185 MACCI
1006 147 1210 186 PLAVTI

293 255 377 295 cius
412 257 489 295 huc
518 256 675 305 gemina
705 256 814 294 uenit
859 257 1063 307 Ephesum
1104 264 1144 296 et
1179 265 1313 304 mater,
1342 265 1627 308 accersuntque
1646 267 1712 304 975

1527 336 1626 361 eam.

293 388 360 425 Pv.
393 387 470 426 0110
498 394 549 433 tu,
573 386 736 425 aduenit
759 388 963 437 Ephesum
990 395 1113 425 mater
1140 387 1267 426 eiius?
1325 389 1393 426 ΡΑ.
1425 387 1535 426 aiunt
1559 388 1626 439 qui

1485 452 1623 491 sciunt.

236 535 274 566 30
296 519 362 556 ΡΥ.
407 519 537 556 hercle
576 516 827 556 occasionem
868 517 1052 567 lepidam,
1094 525 1135 556 ut
1175 517 1379 556 mulierem
1418 519 1624 557 excludam

1500 584 1624 622 foras!

293 649 362 686 ΡΑ.
395 648 517 687 11111110
539 647 605 686 11111
627 655 668 686 tu
695 647 827 697 lepide
855 649 1010 686 facere?
1069 650 1136 686 ΡΥ.
1170 649 1331 698 loquere
1351 656 1389 687 et
1415 648 1623 687 consilium

1510 715 1621 753 cedo.

291 780 360 816 ΡΑ.
383 778 450 817 uin
465 786 505 817 tu
523 778 628 817 illam
645 786 822 817 actutum
839 791 1036 825 amouere,
1054 791 1077 816 a
1093 786 1131 817 te
1151 786 1194 816 ut
1213 778 1330 817 abeat
1350 792 1419 829 per
1437 779 1624 830 gratiam?

290 845 358 881 Pv.
390 844 519 894 cupio.
580 846 649 882 ΡΑ.
682 851 765 882 tum
788 851 825 882 te
846 845 922 882 hoc
943 845 1070 882 facere
1091 851 1257 894 oportet.
1302 843 1374 882 tibi
1395 844 1620 883 diuitiarum
1643 848 1712 893 980

1398 909 1622 948 adfatimst:

286 974 378 1013 iube
400 975 472 1014 sibi
495 989 632 1014 aurum
653 982 772 1026 atque
793 982 1036 1022 ornamenta,
1059 988 1161 1025 quae
1182 974 1236 1013 illi
1256 974 1436 1013 instruxti
1456 975 1623 1023 mulieri,

229 1057 244 1087 3
250 1058 267 1089 5
288 1041 395 1079 dono
416 1041 572 1088 habere,
594 1039 747 1092 (abire),
769 1042 920 1079 auferre
940 1040 1009 1090 ἀρε
1031 1047 1069 1079 te
1090 1053 1169 1090 quo
1191 1040 1325 1079 lubeat
1345 1040 1431 1079 sibi.

288 1107 356 1144 Ργ.
390 1107 517 1156 placet
547 1113 589 1144 ut
616 1105 714 1145 dicis
730 1120 740 1154 3
768 1106 839 1145 sed
864 1119 913 1144 ne
941 1105 1065 1144 istanc
1095 1105 1272 1145 amittam
1303 1112 1342 1144 et
1371 1106 1469 1145 haec
1496 1114 1621 1145 mutet

1500 1173 1620 1211 fidem

286 1237 378 1276 uide
399 1238 531 1276 modo.
592 1239 662 1275 ΡΑ.
694 1238 795 1275 nah!
826 1236 1039 1284 delicatu's,
1063 1250 1165 1287 quae
1194 1245 1232 1276 te
1259 1244 1462 1288 tamquam
1483 1239 1620 1277 oeulos

1501 1311 1616 1342 amet.

286 1371 354 1408 ΡΥ.
387 1371 514 1408 Venu'
532 1383 594 1408 me
611 1377 726 1408 amat.
779 1371 846 1407 ΡΑ.
878 1376 911 1408 st
928 1372 1038 1408 tace!
1068 1368 1296 1420 aperitintur
1312 1370 1424 1416 fores,
1443 1370 1620 1408 concede
1639 1375 1705 1420 985

1284 1436 1362 1474 huc
1383 1436 1617 1473 clanculum.

285 1502 382 1539 haec
403 1502 514 1539 celox
536 1501 665 1548 iniust,
689 1514 790 1551 quae
811 1501 904 1539 111110
925 1501 1131 1551 egreditur,
1151 1500 1401 1539 internuntia.

223 1586 266 1617 40
286 1569 354 1605 ΡΥ.
396 1567 497 1618 quae
537 1568 633 1606 haec
672 1569 812 1606 celox?
884 1567 1176 1605 vaancillula
1216 1567 1345 1615 iniust,
1386 1580 1488 1618 quae
1525 1566 1618 1606 hinc

1288 1631 1483 1682 egreditur
1503 1633 1615 1670 foras.

285 1711 386 1749 quae
424 1699 585 1736 anulum
622 1698 749 1737 istunc
784 1699 912 1737 attulit
948 1712 1066 1749 quem
1102 1698 1172 1737 tibi
1209 1698 1311 1737 dedi.
1375 1700 1442 1737 ΡΥ.
1475 1700 1617 1749 edepol

1337 1765 1434 1803 haec
1455 1763 1616 1814 quidem

285 1831 476 1869 bellulast.
538 1831 605 1868 ΡΛ.
640 1829 855 1880 pithccium
891 1831 989 1869 haec
1025 1838 1083 1869 est
1117 1843 1209 1880 prae
1243 1829 1308 1868 illa
1343 1837 1380 1868 et
1410 1828 1618 1880 spinturni-

1497 1908 1615 1934 clum.

284 1961 403 2000 uiden
444 1968 484 1999 tu
525 1961 629 1999 illam
666 1961 790 1999 oculis
826 1970 1056 2000 uenaturam
1093 1963 1219 2000 facere
1253 1969 1372 2011 atque
1403 1960 1614 2011 aucupium
1637 1969 1709 2004 990

1429 2025 1588 2064 auribus
1601 2027 1618 2064 ?

327 2142 390 2171 975
416 2142 462 2171 ug
482 2133 651 2172 geminam
670 2133 785 2163 uenite
807 2131 871 2162 cod.
1005 2131 1071 2170 976
1095 2141 1156 2161 eon
1180 2129 1245 2161 cod.
1338 2140 1379 2161 an
1406 2129 1499 2160 uenit
1523 2129 1620 2161 Gom

285 2177 359 2206 eius
377 2176 449 2206 Ital.
470 2189 476 2206 z
500 2178 617 2207 aeuius
634 2177 698 2207 cod.
820 2176 885 2214 978
903 2174 1030 2205 faceret
1048 2174 1080 2204 Β
1093 2174 1211 2213 ctfort.
1228 2174 1294 2205 cod.
1377 2174 1519 2213 loquerit
1537 2181 1569 2204 et
1588 2174 1620 2204 Β

284 2221 343 2258 981
365 2220 524 2250 instruxit
540 2220 604 2251 cod.
743 2220 807 2259 982
831 2219 924 2249 abire
944 2218 1018 2248 add.
1042 2218 1137 2248 Goctz
1226 2218 1355 2248 auferet
1370 2217 1434 2248 cod.
1526 2218 1617 2256 quod

286 2263 359 2293 ΡΠ)
376 2265 428 2304 (cs.
446 2264 492 2294 ad
506 2264 585 2303 974)
678 2264 788 2294 iubeat
806 2262 871 2294 cod.
889 2264 984 2302 (corr.
1001 2261 1051 2294 D)
1199 2262 1262 2300 983
1289 2271 1331 2292 ne
1347 2259 1425 2303 (et)
1442 2261 1538 2292 istam
1559 2262 1618 2291 vita

285 2307 368 2338 cod).
388 2307 471 2337 Brix
558 2312 592 2338 ct
608 2318 674 2338 om.
694 2306 725 2337 B
741 2306 802 2346 (iii.
821 2307 851 2343 1)
984 2306 1048 2344 985
1073 2304 1120 2345 st]
1138 2311 1188 2335 ast
1208 2305 1271 2335 cod.
1364 2305 1515 2344 aperitur
1536 2305 1619 2335 soris

287 2351 418 2389 Benmy
436 2351 693 2390 rhytlmn'caszsa
845 2350 909 2388 986
935 2350 988 2379 1110
1009 2359 1079 2388 egr.
1101 2348 1168 2380 cod.
1317 2350 1379 2387 987
1405 2349 1620 2378 retraftaeon's

287 2406 350 2425 csse
371 2394 466 2424 credi!
488 2393 623 2434 Szjxffv!
740 2395 822 2424 hacc
840 2393 896 2425 del.
916 2392 1018 2423 Bothe
1118 2402 1204 2433 quae
1233 2403 1297 2423 om.
1328 2392 1360 2425 B
1476 2392 1530 2422 hic
1550 2390 1615 2424 cod.

288 2439 352 2480 988
376 2439 467 2471 dedit
486 2437 548 2469 cod.
576 2449 665 2473 corr.
683 2437 743 2479 3²)
