1747 2740
178 130 227 170 V.
252 131 298 168 vi

210 259 226 289 5

519 129 566 167 Τ.
598 129 780 169 MACCI
813 127 1019 167 PLAVTI
1051 128 1292 168 STICHVS

357 243 451 281 dare
472 241 644 281 amicum
666 240 849 280 amicae?
878 254 1001 291 eugae
1022 254 1156 291 eugae,
1179 240 1235 280 sic
1255 239 1330 279 furi
1350 240 1488 280 datur!

356 309 420 347 SA.
453 321 535 358 age,
559 307 636 346 iam
658 306 751 346 infla
772 307 929 354 buccas,
953 305 1139 345 nunciam
1159 305 1311 358 aliquid
1331 305 1512 346 suauiter.

355 373 464 412 redd'
485 372 711 411 cantionem
732 371 855 411 ueteri
875 385 946 422 pro
967 371 1062 411 uino
1082 385 1241 411 nouam.

559 486 930 523 SANGARINVS
1041 485 1287 523 STchvs

301 570 365 608 SA.
390 567 470 618 Qui
493 566 654 607 Ionicus
674 574 742 606 aut
763 564 1052 619 einaedieus<t>,
1071 566 1139 617 qui
1155 567 1232 606 hoc
1253 567 1330 606 tale
1350 567 1478 606 facere
1498 579 1586 617 pos-

1482 631 1556 672 siet
1568 633 1585 670 ?

299 702 380 739 STI.
413 699 445 738 si
466 698 566 738 istoc
588 713 651 738 me
671 712 790 738 uorsu
811 698 964 746 uiceris,
985 697 1064 738 alio
1086 712 1148 737 me
1169 705 1398 749 prouocato.
1604 707 1674 742 770

297 768 363 806 SA.
386 767 448 804 fac
468 772 510 804 tu
531 766 608 804 hoc
630 766 762 805 modo.
823 767 903 804 ST1.
925 772 966 803 at
986 772 1028 803 tu
1049 765 1126 803 hoc
1147 765 1281 803 modo.
1341 765 1406 803 SA.
1430 763 1558 802 babae
1577 766 1584 802 !

757 832 838 870 ST1.
871 837 975 869 tatae
996 833 1003 869 1
1060 832 1125 869 SA.
1158 843 1284 880 papae
1305 832 1312 868 !
1370 830 1450 868 ὃτι.
1482 842 1558 879 pax
1577 831 1584 867 !

351 899 417 936 SA.
449 910 557 935 nunc
578 896 721 947 pariter
740 896 872 934 ambo,
931 895 1061 935 omnis
1082 909 1185 935 uoco
1206 895 1395 935 cinaedos
1416 902 1563 934 contra.

353 961 446 1001 satis
467 975 553 1001 esse
575 961 691 1000 nobis
712 974 794 1000 non
815 960 938 1011 magis
959 961 1054 1012 poti'
1074 975 1195 1012 quam
1217 962 1338 1012 fungo
1359 960 1495 1000 imber.

298 1029 379 1068 STi.
422 1027 526 1066 intro
564 1027 658 1066 hinc
691 1027 882 1066 abeamus
916 1026 1104 1066 nunciam
1125 1042 1132 1065 :
1175 1028 1360 1066 saltatum
1394 1026 1478 1065 sati’
1513 1039 1584 1077 pro

1436 1099 1580 1131 ulnost.

298 1173 381 1206 uos,
405 1166 657 1210 spectatores,
680 1158 857 1209 plaudite
876 1166 997 1209 atque
1017 1158 1070 1198 ite
1089 1159 1141 1198 ad
1162 1172 1234 1198 uos
1256 1158 1524 1198 comissatum.
1602 1168 1667 1205 775

288 1266 351 1305 768
375 1265 458 1296 cedo
476 1263 604 1295 Ritsclzl
659 1274 720 1303 pro
738 1264 818 1294 uino
835 1274 865 1295 n.
889 1263 1100 1295 Saracenas:
1125 1264 1222 1304 proui
1239 1274 1361 1295 nouam
1377 1262 1443 1294 cod.
1522 1264 1584 1303 769

243 1310 299 1341 vix
314 1310 435 1349 possit.
456 1309 569 1348 utfiat
583 1319 695 1338 versus
713 1308 913 1349 septenarius
1061 1318 1120 1347 771
1143 1309 1151 1325 ‘
1164 1319 1278 1340 versus
1301 1307 1482 1339 Reizianus
1493 1306 1500 1319 “
1516 1306 1583 1338 Leo

243 1358 278 1385 at
294 1352 390 1395 (fac)
408 1351 549 1384 [Mueller
565 1352 694 1389 (thein.
715 1351 806 1383 Mus.
824 1362 876 1391 54,
899 1353 978 1391 5395
1101 1362 1162 1391 772
1186 1352 1348 1384 cinaedus
1361 1351 1429 1384 cod.
1520 1361 1582 1391 773

244 1398 333 1438 potis
350 1397 415 1427 Leo
434 1396 500 1435 (vel
514 1398 608 1436 pote)
626 1406 633 1426 ε
658 1396 749 1435 potis
767 1395 852 1437 [est]
870 1396 935 1426 cod.
953 1396 1030 1438 (pro
1050 1396 1152 1436 potist
1168 1396 1221 1427 vel
1233 1400 1347 1436 potest
1358 1395 1384 1437 2)
1520 1404 1582 1435 775

244 1442 286 1473 ad
303 1451 365 1472 uos
382 1440 592 1472 Palmcrius:
618 1440 661 1471 ad
678 1449 743 1471 nos
759 1438 825 1471 cod.
