1747 2740
729 172 907 210 PERSA
1456 171 1485 208 I.
1508 169 1553 206 iii

150 289 224 327 To.
256 287 333 326 iam
357 289 451 327 nolo
471 294 676 337 argentum
695 301 702 324 :
733 286 853 324 filiam
875 287 1065 324 utendam
1088 292 1197 324 tuam

150 353 245 392 mihi
267 356 327 393 da.
388 356 480 393 SAT.
512 365 732 403 numquam
750 353 894 402 edepol
916 351 1133 401 quoiquam
1157 351 1275 390 etiam
1297 354 1486 392 utendam

1381 419 1486 458 dedi

148 485 222 522 To.
256 497 337 523 non
357 485 409 523 ad
439 483 539 522 istuc
560 484 669 534 quod
698 490 739 521 tu
767 482 981 521 insimulas.
1042 484 1133 521 SAT.
1166 482 1263 533 quid
1284 497 1371 522 eam
1400 484 1489 522 uis?

1267 551 1341 587 To.
1375 549 1487 588 scies.

63 630 130 666 130
148 615 241 666 quia
260 616 386 654 forma
405 614 537 666 lepida
557 621 595 653 et
616 613 766 653 liberali
788 621 856 652 est.
917 615 1008 652 SAT.
1041 626 1101 651 res
1122 612 1222 651 itast.
1507 625 1550 657 50

147 682 222 719 To.
254 680 318 719 hic
338 682 431 719 leno
451 693 582 730 neque
602 687 640 719 te
661 679 774 718 nouit
795 693 926 730 neque
946 686 1105 729 gnatam
1129 687 1248 717 tuam.

148 747 239 785 SAT.
272 759 336 784 me
356 753 399 784 ut
419 745 630 796 quisquam
651 745 754 784 norit
776 745 850 783 nisi
872 745 936 783 ille
957 744 1023 795 qui
1046 745 1207 795 praebet
1228 745 1393 784 cibum?

147 813 222 851 TO,
254 811 308 850 ita
329 818 398 850 est.
457 812 534 849 hoc
554 819 597 849 tu
618 810 673 849 mi
693 811 861 862 reperire
882 818 1088 861 argentum
1110 818 1235 861 potes.

148 878 239 916 SAT.
271 876 390 927 cupio
406 877 549 914 hercle.
609 878 684 915 To.
718 884 802 915 tum
824 883 865 915 tu
888 890 951 915 me
973 876 1057 915 sine
1079 876 1185 914 illam
1208 878 1393 916 uendere.

64 954 126 992 135
148 944 239 981 SAT.
272 949 342 980 tun
364 941 470 979 illam
491 942 674 980 uendas?
730 943 805 980 TO.
838 941 962 980 immo
983 941 1102 979 alium
1124 943 1361 991 adlegauero
1508 950 1548 982 55

148 1006 215 1057 qui
237 1007 395 1053 uendat,
419 1005 487 1056 qui
509 1019 594 1045 esse
615 1020 656 1045 56
678 1006 927 1057 peregrinum
948 1006 1160 1056 praedicet.

148 1071 249 1111 sicut
269 1071 356 1110 istic
377 1073 468 1110 leno
489 1085 570 1110 non
592 1085 659 1110 sex
681 1086 838 1111 menses
862 1071 1090 1123 Megaribus

149 1139 227 1177 hue
248 1145 307 1176 est
327 1151 449 1188 quom
472 1137 757 1188 commigrauit.
819 1140 909 1177 SAT.
940 1145 1106 1188 pereunt
1127 1137 1325 1188 reliquiae.

150 1203 344 1254 posterius
365 1202 466 1241 istuc
487 1210 619 1242 tamen
643 1211 784 1254 potest.
846 1205 921 1241 To.
954 1203 1038 1242 scin
1059 1217 1179 1253 quam
1202 1205 1362 1254 potest?

65 1282 133 1317 140
150 1283 370 1320 numquam
392 1271 523 1308 hercle
544 1269 665 1308 hodie
693 1269 697 1323 Ι
723 1269 787 1308 hic
809 1270 914 1321 prius
938 1270 1033 1317 edis,
1057 1284 1107 1309 ne
1128 1272 1268 1310 frustra
1289 1271 1351 1318 sis,
1509 1273 1553 1305 60

149 1349 270 1386 quam
292 1342 331 1374 te
351 1336 429 1374 hoc
450 1336 645 1374 facturum
667 1337 776 1386 quod
798 1349 893 1386 rogo
913 1336 1098 1374 adfirmas
1119 1336 1216 1374 mihi
1233 1351 1243 1384 3

147 1409 267 1452 atque
287 1400 363 1439 nisi
383 1407 543 1451 gnatam
566 1408 699 1440 tecum
720 1402 799 1440 huc
820 1401 897 1440 iam
916 1409 1109 1451 quantum
1130 1409 1262 1452 potest

147 1466 326 1514 adducis,
350 1466 502 1517 exigam
525 1468 656 1506 hercle
677 1480 750 1518 ego
771 1474 809 1506 te
830 1481 877 1506 ex
897 1468 971 1505 hac
993 1467 1162 1506 decuria.

151 1533 247 1584 quid
268 1535 406 1572 nunc?
435 1532 533 1583 quid
553 1534 641 1572 est?
671 1533 767 1583 quin
789 1532 887 1572 dicis
910 1532 1006 1583 quid
1028 1534 1191 1571 facturu'
1212 1533 1293 1572 sis?

67 1610 130 1648 145
151 1601 243 1638 SAT.
275 1612 425 1649 quaeso
446 1600 577 1638 hercle
598 1612 662 1638 me
683 1612 844 1649 quoque
865 1599 983 1638 etiam
1005 1600 1147 1646 uende,
1171 1599 1202 1637 si
1223 1600 1342 1646 lubet,
1510 1597 1552 1640 65

151 1666 248 1704 dum
269 1673 444 1703 saturum
466 1666 628 1703 uendas.
688 1666 763 1703 To.
797 1666 884 1712 hoc,
908 1665 939 1703 si
960 1666 1155 1712 facturu's‚
1179 1667 1273 1704 face.

151 1732 243 1770 SAT.
275 1730 417 1769 faciam
444 1729 631 1781 equidem
659 1743 761 1780 quae
782 1729 852 1768 uis.
912 1731 987 1768 To.
1022 1731 1124 1770 bene
1145 1731 1251 1769 facis.
1312 1743 1487 1781 propera,

1212 1796 1276 1835 abi
1298 1798 1464 1835 domum
1480 1811 1492 1845 3

150 1870 393 1914 praemostra
414 1863 544 1909 docte,
567 1862 750 1913 praecipe
771 1869 858 1901 astu
879 1861 992 1908 filiae,

151 1929 248 1980 quid
269 1929 488 1967 fabuletur:
520 1928 588 1966 ubi
610 1942 652 1966 se
673 1935 806 1966 natam
827 1928 1038 1978 praedicet,

67 2006 134 2044 150
151 1995 220 2046 qui
240 1995 314 2034 sibi
336 2002 518 2045 parentes
539 1994 693 2041 fuerint,
717 1996 811 2033 und'
832 2002 1013 2044 surrupta
1034 1993 1093 2032 sit.
1510 1999 1553 2037 70

152 2061 223 2099 sed
242 2062 360 2110 longe
379 2060 430 2098 ab
452 2059 620 2098 Athenis
641 2072 726 2098 esse
747 2073 788 2098 se
808 2067 967 2110 gnatam
989 2066 1166 2098 autumet
1182 2074 1193 2108 3

198 2166 260 2196 128
288 2163 462 2204 utendam]
494 2164 628 2195 uendaa
657 2163 723 2196 cod.
751 2163 797 2203 (A
817 2169 880 2205 pro
910 2163 958 2197 1in
1122 2174 1181 2203 129
1206 2164 1394 2194 instimulas
1420 2163 1485 2194 cod.

150 2220 224 2241 eam
242 2210 294 2240 uis
310 2209 384 2239 Ital.
403 2221 408 2239 :
434 2218 552 2238 camus
569 2207 637 2239 cod.
740 2218 798 2247 137
824 2217 892 2239 non
911 2206 1033 2238 I'Vez'se:
1059 2209 1208 2237 nondum
1226 2208 1290 2238 cod.
1311 2220 1317 2238 :
1341 2208 1488 2238 handum

151 2253 278 2284 Ritschl
413 2262 474 2290 140
498 2251 577 2294 (ut)
591 2262 680 2283 num.
702 2252 817 2293 Lange
838 2251 965 2290 (Jahrb.
987 2250 1090 2281 class.
1111 2251 1195 2282 Pln'l.
1220 2252 1314 2291 1893,
1332 2262 1363 2291 p.
1389 2252 1465 2290 193)
1483 2264 1490 2282 z

141 2298 223 2338 fort.
245 2307 314 2328 non
330 2297 383 2337 (fi)
403 2306 559 2335 umquam
617 2297 672 2326 vix
687 2296 824 2327 hercule
898 2296 953 2326 hic
971 2295 1073 2325 hodie
1091 2294 1234 2335 Spengcl
1298 2295 1373 2325 edis
1388 2294 1463 2325 Ital.
1482 2307 1488 2326 ε

152 2341 245 2372 sedis
261 2339 353 2371 cod.:
388 2341 469 2370 edes
494 2339 597 2369 Bothe
732 2350 792 2378 142
818 2345 969 2379 quantua
995 2338 1061 2368 cod.
1092 2339 1138 2379 <A
1153 2345 1214 2380 pro
1241 2338 1291 2369 Mi
1428 2349 1488 2377 144

152 2385 233 2424 quid
251 2385 324 2415 est?
348 2383 525 2415 saturiani
539 2383 598 2413 dat
613 2383 751 2424 Sejffert
873 2394 931 2424 145
959 2382 1088 2413 uendes
1105 2384 1251 2424 (uendas
1268 2382 1358 2424 PCD)
1377 2382 1491 2413 elubet

153 2428 220 2461 cod.
241 2441 247 2459 :
271 2438 347 2459 corr.
368 2426 518 2467 Pylades,
539 2426 666 2457 Selloell
682 2429 709 2467 (2
727 2428 791 2467 sei)
